3950 5625
853 727 1084 796 0511111511.
1482 731 1524 815 89

414 921 469 987 vel
493 922 616 1008 assign.
644 943 683 999 s.,
713 929 828 987 totum
856 925 986 987 toftum
1013 942 1092 986 cum
1119 943 1210 987 omn.
1238 923 1377 987 edificiis
1405 924 1457 1003 (42
1477 924 1521 1003 ν.)

325 1101 329 1107 ,
413 1027 561 1110 desuper
582 1026 762 1102 edificatis,
786 1027 881 1111 quod
904 1027 993 1091 iacet
1017 1026 1106 1090 inter
1129 1027 1275 1109 placiam
1299 1027 1358 1090 vbi
1382 1027 1448 1090 sita
1473 1033 1523 1090 est

412 1131 555 1215 grangia
568 1151 635 1214 que
650 1130 717 1195 11111
732 1130 852 1216 Mag'ri
866 1130 940 1195 Ade
954 1129 997 1194 de
1012 1130 1190 1213 Melsanby
1204 1137 1239 1193 et
1254 1136 1344 1194 terra
1359 1129 1524 1194 Normani

413 1234 469 1299 del
497 1236 596 1310 HoW,
625 1234 721 1318 quod
749 1234 858 1320 Mag’r
885 1234 1028 1317 Joh'nes
1056 1233 1244 1309 Romanus
1274 1234 1525 1298 concanonicus

414 1345 540 1414 noster,
573 1339 657 1403 emit
687 1359 803 1403 coram
834 1338 1009 1421 Justiciar.
1041 1338 1112 1402 d’ni
1144 1338 1230 1422 regis
1260 1338 1302 1401 de
1333 1338 1446 1402 Will'o
1477 1338 1521 1402 fil.

414 1442 571 1518 Gilberti,
592 1449 661 1507 ten.
683 1448 718 1506 et
738 1443 817 1507 hab.
838 1442 881 1507 de
900 1442 994 1507 dicto
1013 1442 1095 1507 d'no
1115 1443 1193 1525 Joh.
1215 1448 1250 1506 et
1270 1442 1312 1506 de
1331 1463 1419 1506 succ.
1441 1463 1466 1506 5.
1489 1442 1521 1505 11.

413 1546 483 1631 qui.
518 1552 553 1610 et
584 1546 716 1631 integre
747 1546 836 1610 sicut
868 1546 956 1610 iacet
990 1545 1079 1610 inter
1110 1551 1221 1609 metas
1254 1546 1520 1629 prenominatus,

415 1650 525 1714 Redd.
554 1649 634 1714 inde
660 1649 842 1714 annuatim
869 1649 998 1734 Mag'ro
1025 1649 1103 1731 Joh.
1132 1649 1291 1713 Romano
1317 1655 1351 1713 51
1378 1671 1466 1714 succ.
1494 1671 1520 1714 5.

413 1753 490 1836 iiijs.
510 1753 591 1849 scil)
611 1753 692 1848 scil?
715 1753 785 1837 (sic)
806 1753 858 1837 ijs.
879 1753 924 1818 ad
949 1754 1046 1816 Pent.
1072 1760 1107 1817 et
1131 1752 1183 1836 ijs.
1203 1753 1247 1816 ad
1271 1754 1293 1817 f.
1315 1754 1347 1817 S.
1368 1754 1412 1817 M.
1433 1753 1467 1817 in
1487 1754 1519 1818 h.

415 1877 476 1940 pro
512 1878 604 1922 omn.
641 1877 729 1922 serv.
767 1863 801 1921 et
837 1856 926 1921 dem.
964 1878 1031 1941 que
1067 1863 1155 1921 terre
1191 1856 1342 1920 accidere
1378 1858 1520 1941 possint.
1613 1864 1618 1872 '

417 1961 633 2045 (Warranly).
674 1961 714 2025 In
732 1983 761 2025 c.
776 1981 801 2025 r.
816 1967 841 2025 t.
856 1981 906 2044 pr.
920 1981 983 2024 scr.
998 1961 1057 2044 sig.
1072 1961 1180 2025 nostri
1198 1961 1347 2044 Capituli
1365 1962 1521 2025 corrobo-

415 2065 577 2130 rauimus.
625 2066 670 2129 H.
691 2071 716 2130 t.
738 2064 867 2150 Mag'ro
886 2065 1074 2129 Laurencio
1092 2065 1134 2128 de
1151 2065 1298 2148 Topklif,
1318 2072 1352 2129 et
1372 2066 1502 2130 ceteris,

802 2278 889 2361 (137)
917 2278 972 2341 DE
997 2294 1134 2342 Eoonu.

503 2446 578 2509 Hoc
600 2445 834 2530 scirograffum
859 2451 1009 2510 testatur
1030 2445 1124 2529 quod
1146 2466 1208 2529 ego
1230 2445 1338 2508 Will's
1361 2446 1457 2508 faber
1479 2446 1521 2509 de
1583 2479 1605 2512 c.
1626 2479 1653 2512 12
1692 2501 1698 2512 .

415 2548 552 2614 Aldfeld
570 2548 710 2613 vendidi
729 2555 764 2612 et
781 2549 931 2613 concessi
950 2549 1032 2614 d’no
1050 2549 1161 2613 Alano
1180 2549 1222 2612 de
1241 2549 1377 2613 Aldfeld
1396 2555 1429 2612 et
1450 2551 1518 2615 her.

414 2673 440 2716 5.
459 2653 514 2716 vel
531 2653 586 2716 cui
604 2653 776 2738 assignare
793 2653 950 2729 voluerit,
969 2653 1064 2738 quod
1082 2652 1229 2716 annuale
1246 2653 1430 2727 redditum,
1449 2654 1518 2718 scil.

414 2756 519 2821 trium
543 2756 678 2822 solidor.
704 2756 747 2822 de
771 2764 861 2822 15115
884 2778 961 2822 11155
984 2757 1026 2821 (15
1050 2756 1263 2822 Northouses
1285 2778 1391 2842 quam
1416 2758 1520 2823 Hem.

415 2861 575 2945 Carpent'
600 2861 728 2926 ibidem
752 2867 857 2937 tenet,
881 2862 1086 2927 soluendum
1108 2860 1330 2926 medietatem
1354 2862 1398 2926 ad
1423 2863 1520 2927 Pent.
1596 2846 1600 2855 ¹

416 2971 450 3029 et
472 2964 562 3030 med.
588 2965 632 3030 ad
656 2966 678 3029 1.
705 2965 737 3029 S.
763 2966 807 3030 M.
833 2965 867 3029 in
891 2966 936 3041 h.,
962 2986 1024 3049 pro
1047 2966 1199 3049 quadam
1222 2987 1358 3030 summa
1380 2967 1522 3051 pecunie

415 3090 521 3154 quam
539 3068 634 3154 pred.
655 3069 785 3133 Alanus
807 3069 910 3133 michi
934 3069 1031 3133 dedit
1056 3089 1115 3152 pre
1140 3070 1300 3133 manibus
1324 3070 1358 3133 in
1383 3070 1523 3155 negocio

415 3193 492 3237 meo
515 3194 536 3237 a
559 3172 702 3254 festoS.
722 3173 766 3237 M.
785 3173 819 3236 in
841 3174 873 3237 h.
893 3194 984 3237 anno
1008 3172 1119 3257 gracie
1144 3172 1261 3237 Mill’io
1284 3186 1364 3237 ccmo
1379 3173 1431 3236 l¹¹¹⁰
1446 3174 1524 3257 viij⁰

415 3298 523 3361 vsque
539 3276 584 3341 ad
603 3277 788 3341 terminum
807 3276 852 3360 xij
874 3297 992 3341 annor.
1043 3277 1258 3359 (Warranlp).
1290 3277 1333 3341 H.
1353 3283 1377 3341 t.
1397 3277 1523 3341 Adde

415 3380 552 3446 Aldfeld
571 3387 606 3444 et
624 3381 755 3445 ceteris,

802 3572 890 3655 (138)
918 3572 974 3637 Dr
998 3590 1135 3638 nonan.

501 3739 603 3804 Omn.
627 3739 719 3804 hom.
743 3759 793 3823 pr.
822 3760 885 3803 scr.
914 3740 976 3803 vis.
1004 3740 1059 3803 vel
1089 3739 1167 3805 aud.
1194 3739 1301 3803 Will’s
1323 3740 1368 3805 fil.
1393 3741 1522 3806 Thome

416 3843 457 3908 de
485 3842 633 3918 Aldfeld,
659 3864 697 3907 sa
725 3843 770 3907 in.
800 3843 901 3907 D'no
958 3843 1132 3908 Noueritis
1160 3843 1326 3928 obligasse
1353 3846 1522 3929 meipsum

416 3947 497 4012 d'no
509 3947 622 4011 Will’o
639 3947 669 4011 le
682 3948 823 4013 Vawsor
837 3947 932 4031 quod
948 3947 976 4011 si
994 3948 1028 4011 in
1045 3947 1161 4031 aliquo
1174 3953 1327 4031 tempore
1343 3950 1522 4034 contingat

415 4071 469 4115 me
482 4051 633 4135 aliquam
647 4057 774 4115 terram
787 4050 829 4115 de
845 4050 902 4114 illo
919 4057 1117 4116 tenemento
1129 4051 1223 4135 quod
1241 4051 1344 4116 Henr.
1360 4052 1404 4116 fil.
1420 4053 1523 4117 Will'i

416 4154 458 4219 de
481 4155 619 4220 Aldield
642 4154 799 4219 vendidit
824 4154 917 4237 Joh’i
943 4155 1064 4219 Russel
1089 4155 1282 4239 perquirere
1307 4156 1361 4219 vel
1385 4155 1522 4220 (1151551-

416 4271 541 4323 onare¹
569 4264 603 4322 51
630 4279 707 4324 eam
734 4258 881 4323 vendere
905 4259 1056 4334 voluero,
1080 4259 1174 4341 quod
1201 4258 1291 4322 idem
1315 4258 1391 4323 d'ns
1415 4260 1523 4323 Will's

416 4362 575 4426 omnibus
602 4363 676 4427 aliis
704 4363 768 4426 erit
796 4363 1020 4447 propinquior
1047 4361 1114 4424 fide
1141 4361 1264 4425 media.
1313 4363 1353 4425 In
1381 4382 1409 4425 c.
1440 4384 1464 4427 r.
1495 4369 1520 4427 t.

417 4465 494 4530 huic
506 4486 568 4530 scr.
583 4487 633 4549 pr.
648 4467 707 4551 sig.
722 4487 767 4530 m.
783 4466 937 4549 apposui.
986 4465 1030 4527 H.
1046 4470 1083 4538 t.,
1098 4464 1179 4528 d’no
1192 4462 1314 4528 Nich’o
1327 4464 1521 4546 Capellano,

417 4569 565 4633 Will'mo
584 4570 626 4634 de
645 4570 819 4653 Stodelay‚
840 4576 874 4632 et
893 4568 1025 4632 ceteris.

488 4798 495 4820 ¹
514 4792 555 4842 To
566 4793 648 4843 claim
661 4808 692 4843 as
706 4791 747 4841 his
761 4807 822 4841 own
836 4794 919 4855 apart
932 4791 1004 4837 from
1017 4789 1118 4837 others.
