3950 5625
774 703 867 769 Acrs
891 722 936 770 or
959 703 1137 770 Cnnrrurr,
1446 719 1508 786 139

406 883 494 966 line).
539 884 586 948 Et
599 883 641 948 de
654 883 744 948 dono
756 882 887 947 Thorne
899 882 941 947 de
958 882 1066 947 Ledes
1078 889 1147 948 tres
1159 903 1255 948 acras
1267 889 1301 947 et
1314 882 1359 947 di.
1374 888 1462 945 terre
1474 880 1509 945 in

407 988 534 1072 campis
562 988 604 1051 de
633 987 746 1072 Ripon
774 994 808 1050 et
835 986 951 1070 Thorp
978 988 1076 1051 iuxta
1105 987 1228 1071 Ripon.
1277 988 1322 1052 Et
1350 986 1392 1050 de
1419 986 1510 1050 dono

406 1091 545 1156 Walteri
582 1091 624 1154 de
661 1091 768 1155 Ledes
803 1090 989 1174 quemdam
1022 1091 1206 1155 annualem
1242 1092 1415 1156 redditum
1451 1111 1509 1154 sex

405 1195 589 1260 solidorum
614 1201 648 1259 et
673 1201 752 1259 octo
776 1193 993 1259 denariorum
1018 1194 1060 1258 de
1084 1201 1152 1259 ten.
1179 1217 1241 1260 suo
1265 1196 1397 1260 iacente
1421 1195 1455 1258 in
1480 1195 1509 1258 le

405 1299 632 1363 Merketstede
657 1320 699 1362 ex
725 1304 823 1383 parte
849 1298 1006 1363 orientali
1032 1299 1121 1364 inter
1145 1320 1294 1385 mesuag.
1324 1299 1442 1363 Rob'ti
1467 1298 1510 1362 de

406 1403 613 1467 Bumehows
641 1423 683 1466 ex
712 1424 781 1466 vna
809 1408 907 1486 parte
936 1409 970 1466 et
1000 1408 1069 1466 ten.
1100 1402 1211 1484 Joh'is
1239 1403 1439 1486 Frankysch
1467 1422 1509 1466 ex

405 1507 510 1571 altera
521 1513 630 1591 parte.
679 1507 769 1571 Item
780 1506 823 1570 de
834 1507 925 1571 dono
936 1507 1203 1590 predictiJoh'is
1214 1507 1256 1571 de
1269 1507 1508 1591 Hawkeswyk,

404 1632 509 1676 vnum
524 1631 676 1676 annuam
691 1611 864 1675 redditum
878 1631 936 1675 sex
951 1611 1137 1676 solidorum
1152 1618 1186 1675 et
1200 1618 1279 1676 octo
1293 1612 1510 1677 denariorum

404 1721 539 1780 exeunt.
568 1716 610 1780 de
636 1736 705 1780 vno
731 1716 905 1800 mesuagio
931 1715 1108 1800 quondam
1135 1715 1279 1781 Gallridi
1305 1717 1449 1782 Glouere
1475 1718 1510 1782 in
1612 1742 1614 1746 ’

405 1819 638 1904 Ploxomgate.
686 1820 732 1883 Et
748 1818 790 1883 de
806 1818 897 1883 dono
913 1825 947 1883 et
962 1821 1178 1884 concessione
1195 1821 1369 1905 Ranulphi
1386 1823 1508 1906 Pygot,

405 1924 530 1999 militis,
558 1922 745 2008 quemdam
772 1923 955 1988 annualem
981 1923 1155 1989 redditum
1181 1925 1298 1989 decem
1324 1926 1509 1991 solidorum

404 2034 538 2093 exeunt.
570 2026 612 2092 de
641 2028 739 2091 terris
768 2033 802 2091 et
832 2033 900 2092 ten.
931 2028 1001 2092 suis
1029 2029 1064 2092 in
1094 2028 1255 2112 Bokesby
1283 2029 1415 2112 Pykall.
1463 2030 1509 2093 Et

405 2132 492 2197 dono
514 2132 617 2196 Will'i
639 2131 682 2195 de
703 2131 901 2196 Thometon
923 2132 1110 2215 quemdam
1132 2133 1314 2197 annualem
1337 2133 1510 2198 redditum

404 2257 460 2300 sex
480 2236 668 2301 solidorum
688 2242 722 2300 et
743 2242 822 2299 octo
843 2236 1061 2301 denariorum
1081 2243 1217 2301 exeunt.
1240 2237 1282 2300 dc
1303 2243 1370 2301 ten.
1393 2258 1455 2302 suo
1475 2238 1509 2301 in

405 2340 579 2426 Westgate
598 2341 633 2404 in
652 2361 721 2424 quo
741 2340 914 2424 predictus
934 2340 1042 2404 Will’s
1061 2340 1244 2404 inhabitat.
1292 2342 1338 2404 Et
1357 2341 1399 2405 de
1419 2341 1510 2405 dono

405 2446 514 2528 Joh'is
546 2445 588 2508 de
620 2445 781 2528 Morpath
813 2443 999 2528 quemdam
1031 2443 1214 2508 annualem
1246 2444 1419 2508 redditum
1450 2466 1510 2509 sex

405 2550 589 2614 solidorum
604 2555 639 2612 ct
654 2555 733 2613 octo
748 2549 965 2613 denariorum
981 2554 1119 2612 exeunt.
1137 2548 1179 2611 de
1193 2548 1345 2632 quadarn
1361 2548 1510 2634 Grangia

405 2661 437 2719 et
467 2674 536 2718 vno
567 2653 753 2717 columbari
786 2653 908 2717 iacent.
941 2653 1040 2716 iuxta
1070 2651 1255 2736 Grangiam
1287 2653 1425 2718 Henrici
1456 2653 1510 2717 del

406 2759 502 2824 Keld.
551 2758 597 2823 Et
624 2757 802 2822 dimidiam
830 2763 964 2841 partem
991 2757 1091 2822 vnius
1117 2756 1247 2841 Cotagij
1277 2757 1311 2821 in
1334 2757 1510 2843 Westgate

404 2884 444 2928 ex
473 2865 565 2928 dono
597 2862 716 2926 Rob'ti
746 2862 788 2925 de
817 2862 964 2945 Wytton
995 2868 1030 2925 et
1060 2862 1171 2944 Joh'is
1201 2862 1400 2946 Frankysch
1430 2885 1509 2928 cum

306 3039 314 3051 „
405 2968 561 3032 omnibus
594 2966 663 3031 suis
697 2965 916 3050 pertinencijs
949 2966 1235 3051 quibuscumque,
1269 2987 1336 3051 que
1368 2968 1508 3052 quidem

405 3079 491 3136 terre
515 3078 549 3135 et
574 3077 771 3135 tenementa
794 3070 949 3154 predicta
973 3076 1135 3134 tenentur
1157 3070 1199 3134 de
1223 3070 1304 3135 d'no
1327 3071 1508 3157 Archiep'o

404 3183 436 3241 et
469 3175 556 3260 alijs.
604 3175 763 3239 Habend.
798 3180 832 3238 et
867 3174 1003 3239 tenend.
1036 3174 1192 3258 predicto
1225 3175 1306 3240 d'no
1339 3175 1432 3258 Joh'i
1465 3178 1507 3241 de
1615 3237 1620 3255 ι

404 3280 567 3365 Cabergh‚
609 3279 802 3363 Capellan0,
845 3286 879 3343 et
919 3280 1169 3344 successoribus
1208 3281 1277 3344 suis
1317 3281 1508 3364 Capellanis

405 3384 615 3469 temporibus
634 3383 807 3468 perpetuis
826 3384 950 3448 futuris
968 3384 1003 3447 in
1022 3384 1115 3447 dicta
1134 3383 1271 3467 Capella
1289 3384 1508 3451 celebraturis

405 3507 464 3570 pro
484 3487 573 3552 vinis
593 3493 627 3551 et
647 3487 818 3552 defunctis
837 3488 992 3571 superius
1011 3488 1225 3571 specificatis,
1246 3488 1359 3565 libere,
1380 3491 1507 3574 quiete,

405 3592 487 3656 etin
502 3611 586 3675 pace
601 3591 744 3655 faciend.
762 3598 796 3655 et
811 3591 984 3656 reddendo
1000 3592 1212 3675 Capitalibus
1226 3592 1315 3657 d'nis
1330 3594 1507 3660 feodorum

404 3695 538 3760 illorum
564 3696 707 3760 seruicia
732 3695 850 3760 debita
876 3703 911 3760 et
937 3696 979 3759 de
1006 3696 1077 3760 iure
1103 3703 1277 3761 consueta.
1324 3698 1374 3762 Ac
1400 3700 1507 3764 eciam

404 3801 562 3865 volumus
590 3806 624 3864 et
652 3800 850 3865 ordinamus
877 3800 970 3885 quod
999 3800 1111 3864 dictus
1139 3800 1256 3882 Joh'es
1284 3801 1326 3865 de
1354 3802 1507 3889 Cabergh

405 3904 606 3990 capellanus
628 3910 662 3968 et
684 3925 892 3969 successores
911 3904 963 3968 sui
979 3904 1153 3988 Capellani
1175 3904 1209 3969 in
1232 3906 1326 3970 dicta
1347 3906 1508 3973 Cantaria

404 4008 691 4093 quandocumque
714 4015 747 4073 et
770 4009 1080 4094 quocienscumque
1103 4011 1278 4074 vacauerit
1300 4010 1506 4078 admittend.

404 4112 491 4177 infra
516 4112 746 4198 quadraginta
771 4114 842 4177 dies
868 4135 888 4177 a
913 4120 1067 4197 tempore
1093 4119 1174 4177 note
1199 4114 1392 4178 vacacionis
1417 4116 1507 4180 dicte

404 4217 562 4282 Cantaria
584 4237 644 4301 per
666 4216 802 4299 Joh'em
825 4218 866 4282 de
890 4217 1034 4302 Ingelby
1055 4217 1221 4302 quamdiu
1244 4219 1368 4282 vixerit
1391 4226 1425 4283 et
1448 4241 1508 4304 per
1530 4230 1645 4359 111ngqu
1651 4230 1694 4345 qq
1695 4298 1709 4345 d

1538 4363 1580 4411 his
1594 4362 1665 4411 heirs
1679 4368 1709 4412 to

404 4321 508 4405 ipsius
537 4320 676 4384 heredes
705 4321 747 4384 de
777 4341 916 4405 corpore
944 4342 1007 4385 suo
1035 4321 1185 4406 legitime
1214 4324 1399 4405 procreatis
1429 4331 1506 4407 post

404 4426 474 4490 eius
496 4430 643 4490 mortem
667 4424 826 4507 Capitulo
849 4424 927 4488 eccl.
953 4423 1034 4488 Coll.
1061 4424 1185 4507 Ripon'
1210 4432 1450 4507 presententur
1472 4433 1507 4491 et
1538 4430 1707 4492 hepatrons.

405 4550 463 4613 per
495 4530 627 4594 dietum
660 4529 858 4611 Capitulum
891 4529 925 4592 in
959 4528 1078 4592 eadem
1112 4528 1273 4593 Cantaria
1305 4528 1377 4593 sine
1410 4550 1507 4594 mora

405 4635 564 4699 canonice
602 4632 830 4696 instituantur
867 4638 902 4696 et
940 4632 975 4695 in
1013 4632 1222 4715 corporalem
1260 4634 1505 4716 possessionem

406 4736 554 4803 eiusdem
572 4735 753 4801 actualiter
769 4735 986 4799 inducantur.
1034 4735 1081 4798 Et
1097 4736 1124 4799 si
1141 4735 1314 4820 predictus
1331 4736 1507 4819 Jobannes
1545 4770 1648 4815 vacant
1661 4780 1697 4829 40

1569 4696 1594 4743 n
1608 4697 1675 4762 kept
