3950 5625
773 719 867 784 Acrs
890 736 937 784 or
959 718 1138 785 Carmen.
1447 733 1511 802 ²07

402 919 463 984 per
480 899 752 963 commissarium
771 905 928 964 nostrum
947 898 992 963 ad
1010 900 1074 963 hoc
1093 898 1285 983 specialiter
1303 898 1511 982 deputatum

403 1003 519 1068 induci
536 1003 678 1068 fecimus
694 1024 756 1067 suo
773 1008 939 1087 perpetuo
956 1003 1148 1087 optinend.¹
1164 1003 1214 1066 ita
1230 1003 1324 1086 quod
1340 1002 1510 1067 deseruiat

404 1115 477 1172 tam
513 1108 547 1172 in
583 1107 684 1172 altari
720 1107 872 1192 predicte
907 1107 1060 1171 cantarie
1095 1128 1200 1190 quam
1236 1108 1339 1171 choro
1374 1105 1511 1170 ecclesie

404 1213 556 1297 predicte
584 1211 772 1277 secundum
801 1212 948 1276 formam
977 1211 1205 1290 ordinacionis
1233 1211 1304 1274 siue
1333 1216 1511 1274 aumenta-

404 1317 510 1380 cionis
553 1316 705 1380 cantarie
749 1316 910 1400 predicte.
960 1315 1001 1379 In
1044 1316 1141 1380 cuius
1184 1315 1231 1378 rei
1275 1314 1511 1379 testimonium

404 1420 551 1506 sigillum
585 1426 741 1485 nostrum
775 1420 991 1503 presentibus
1024 1426 1076 1483 est
1111 1439 1311 1503 appensum.
1359 1419 1439 1482 Dat.
1476 1418 1510 1483 in

403 1629 528 1693 mensis
558 1629 748 1713 Septembr.
779 1629 880 1692 Anno
911 1627 991 1692 D'ni
1023 1627 1164 1693 Mill'mo
1195 1637 1309 1692 ccccm⁰
1340 1627 1511 1691 tricesimo

405 1734 520 1799 tercio.

404 1919 444 1988 73
458 1929 488 1972 v.
531 1912 618 1994 (294)
645 1911 853 1989 (Admission
874 1917 911 1975 to
931 1932 952 1975 a
972 1878 1131 1993 Carionry
1151 1910 1219 1975 and
1241 1910 1420 1990 Prebend).

491 2077 689 2161 Capitulum
706 2078 784 2142 eccl.
803 2077 877 2143 coll.
896 2077 988 2141 beati
1006 2077 1114 2142 Wilir.
1134 2077 1211 2160 Rip.
1229 2077 1420 2141 honorabili
1436 2076 1510 2140 viro

405 2182 568 2266 magistro
591 2182 721 2246 Simoni
744 2182 862 2257 Alcok,
887 2202 990 2245 sacre·
1003 2182 1125 2266 pagine
1148 2181 1339 2266 professori,
1363 2181 1510 2245 salutem

404 2287 439 2350 in
458 2286 596 2350 sinceris
613 2285 828 2369 amplexibus
848 2285 1046 2350 Saluatoris.
1094 2286 1149 2350 Ad
1167 2286 1409 2350 canonicatum
1429 2284 1508 2349 eccl.

404 2396 519 2454 nostre
534 2390 658 2473 Ripon'
675 2396 709 2453 et
723 2390 768 2453 ad
782 2391 992 2473 prebendam
1007 2389 1049 2454 de
1063 2390 1328 2474 Staynewygges
1342 2389 1376 2452 in
1390 2388 1510 2453 eadem

404 2515 464 2578 per
485 2501 632 2560 mortem
655 2495 726 2558 d’ni
750 2494 860 2577 Joh'is
883 2495 978 2558 Dene
1001 2495 1112 2559 vltimi
1135 2494 1288 2559 canonici
1311 2500 1346 2558 et
1368 2494 1510 2578 preben-

405 2599 489 2682 darij
513 2599 699 2663 eorundem
719 2605 894 2674 vacantes,
916 2605 950 2662 et
971 2599 1036 2662 sibi
1057 2619 1117 2682 per
1136 2598 1454 2664 reuerendissimum
1475 2597 1509 2662 in

404 2724 473 2787 xpo
500 2708 634 2787 patrem
662 2709 696 2767 et
723 2702 819 2766 d'nm
845 2702 1025 2767 dominum
1052 2702 1188 2785 Joh'em
1215 2703 1278 2766 Dei
1304 2723 1374 2786 gra.
1404 2702 1686 2772 Ebor.:lbp·1x'em1

404 2808 601 2893 archiep'm,
624 2807 744 2892 Anglie
767 2807 960 2891 primatem,
984 2812 1019 2872 et
1042 2807 1226 2891 apostolice
1247 2807 1336 2872 sedis
1356 2807 1509 2892 legatum

404 2912 556 2989 collatos,
593 2918 627 2976 te
661 2913 695 2977 in
730 2933 910 2995 personam
945 2912 1099 2996 Magistri
1133 2912 1300 2995 Johannis
1335 2912 1508 2988 Marchall,

405 3017 525 3092 clerici,
554 3016 784 3102 procuratoris
815 3017 866 3080 tui
898 3016 1122 3081 sufficientem
1151 3038 1171 3081 a
1199 3022 1234 3080 te
1260 3017 1294 3080 in
1321 3018 1385 3081 hac
1411 3023 1510 3100 parte

404 3127 614 3205 potestatem
650 3121 819 3195 habentis,
857 3121 1085 3196 admittimus,
1118 3108 1225 3205 teque
1251 3121 1341 3184 dicte
1372 3120 1510 3185 ecclesie

405 3226 580 3311 collegiate
606 3226 787 3309 recipimus
812 3225 847 3288 in
873 3225 1076 3289 canonicum
1102 3231 1136 3289 et
1162 3225 1379 3295 confratrem.
1406 3226 1510 3310 assig-

405 3337 527 3395 nantes
547 3330 611 3394 tibi
631 3351 671 3394 ac
691 3330 784 3394 dicto
805 3328 1018 3413 procuratori
1039 3334 1100 3393 tuo
1120 3334 1181 3393 tuo
1201 3329 1348 3405 nomine,
1369 3329 1509 3394 stallum

405 3434 439 3498 in
467 3437 570 3499 choro
601 3441 636 3498 et
666 3434 779 3497 locum
809 3434 844 3497 in
872 3433 1025 3516 capitulo
1055 3433 1145 3497 dicte
1172 3433 1307 3497 ecclesie
1333 3434 1510 3518 collegiate

405 3539 505 3603 dictis
531 3538 749 3603 canonicatui
776 3544 810 3601 et
838 3537 1010 3620 prebende
1037 3538 1081 3601 ab
1108 3538 1252 3621 antiquo
1278 3538 1509 3622 pertinentia;

406 3643 617 3708 decernimus
641 3643 748 3706 eciam
773 3648 807 3705 te
831 3648 865 3705 et
890 3642 1022 3706 dictum
1046 3648 1301 3725 procuratorem
1325 3648 1425 3706 tuum
1450 3650 1511 3708 tuo

405 3748 541 3811 nomine
564 3748 599 3810 in
621 3745 832 3830 corporalem
855 3746 1103 3829 possessionem
1126 3745 1216 3810 dicte
1238 3746 1409 3830 prebende
1432 3768 1511 3812 cum

406 3852 474 3915 suis
493 3851 622 3916 iuribus
642 3856 676 3914 et
696 3850 917 3933 pertinenciis
936 3851 1103 3914 vniuersis
1123 3871 1182 3933 per
1201 3849 1296 3914 d'nm
1316 3851 1511 3933 Johannem

406 3955 610 4020 Schirbume
636 3954 869 4018 Camerarium
895 3955 1032 4019 ecclesie
1059 3954 1236 4039 collegiate
1262 3954 1413 4037 predicte
1440 3956 1512 4021 fore

406 4059 586 4124 actualiter
611 4058 805 4134 inducend,
833 4058 986 4141 Juribus,
1013 4058 1241 4133 libertatibus
1269 4063 1303 4121 et
1330 4067 1511 4124 consuetu-

406 4164 542 4228 dinibus
571 4163 696 4227 nostris
726 4169 760 4226 et
790 4162 869 4228 eccl.
901 4162 1078 4246 collegiate
1107 4162 1259 4247 predicte
1289 4161 1323 4225 in
1353 4163 1512 4228 omnibus

406 4287 538 4350 semper
551 4267 664 4331 saluis.
713 4267 753 4329 In
768 4267 864 4331 cuius
879 4267 926 4330 rei
941 4267 1178 4331 testimonium
1193 4266 1340 4349 sigillum
1355 4273 1512 4332 nostrum

406 4371 619 4456 presentibus
646 4376 697 4434 est
724 4391 925 4455 appensum.
973 4371 1055 4435 Dat.
1084 4370 1119 4434 in
1146 4371 1249 4434 domo
1276 4375 1394 4434 nostra
1420 4372 1512 4454 capi-

406 4474 508 4539 tulari
521 4474 549 4557 j⁰
559 4474 613 4539 die
626 4473 750 4537 mensis
767 4473 864 4557 Julij,
876 4473 977 4537 Anno
991 4474 1072 4537 D’ni
1086 4473 1203 4556 Mill'io
1214 4483 1328 4536 ccccmo
1342 4473 1512 4538 tricesimo

407 4577 540 4661 quinto.

477 4803 484 4824 ¹
504 4797 666 4862 Something
679 4801 755 4844 must
768 4796 840 4845 have
854 4796 923 4844 been
937 4798 1057 4845 omitted
1071 4797 1143 4845 here.
