3950 5625
791 699 795 704 ·
849 690 1079 756 Caururnnr.
1476 703 1518 769 07

404 870 499 944 ville,
514 891 562 934 sa.
611 870 662 936 Sc.
678 891 733 935 me
747 871 823 935 ded.
840 870 914 934 Ric'
929 870 999 934 filio
1012 870 1164 934 Turstini
1178 870 1212 933 in
1227 868 1349 951 leodoj
1366 871 1516 931 carucat.

404 981 498 1039 terre
519 995 581 1058 pro
602 975 737 1039 duobus
758 974 874 1038 solidis
894 995 955 1058 per
974 996 1053 1038 ann.
1076 975 1126 1038 ita
1147 974 1288 1037 liberam
1309 980 1343 1036 et
1363 972 1518 1056 quietam

403 1079 497 1144 sicut
533 1085 725 1144 ceterorum
761 1099 969 1143 vauasorum
1006 1099 1171 1160 meorum.
1218 1078 1320 1141 Teste
1356 1076 1518 1140 Turstino

403 1183 581 1248 Canonico
600 1189 633 1248 et
653 1184 785 1248 ceteris,

408 1349 500 1432 (159)
534 1349 589 1413 DE
621 1366 758 1414 EODEM.
809 1347 931 1432 (Grant
961 1349 998 1413 oi
1027 1349 1086 1414 the
1116 1370 1210 1413 same
1240 1348 1321 1412 land
1351 1349 1398 1430 by
1428 1347 1516 1430 Abp.

451 1453 602 1518 William
621 1460 658 1518 to
677 1451 809 1517 Gilbert
828 1454 887 1517 the
905 1474 1026 1528 canon,
1047 1454 1123 1517 who
1142 1454 1169 1516 is
1188 1459 1225 1517 to
1243 1473 1312 1536 pay
1330 1470 1377 1517 zs.
1398 1473 1418 1515 a
1436 1471 1519 1535 year

450 1563 489 1622 to
508 1559 569 1622 the
587 1558 741 1634 church.l

498 1697 627 1762 Will’s1
656 1698 719 1761 Dei
745 1718 816 1782 gra.
840 1699 984 1762 Eborac.
1007 1698 1163 1781 Archiep.
1192 1718 1283 1761 omn.
1312 1696 1343 1761 S.
1373 1696 1412 1760 E.
1441 1695 1518 1759 filiis

407 1823 457 1867 sa.
481 1809 515 1866 et
536 1803 719 1867 oraciones,
767 1801 899 1867 Notum
919 1803 963 1867 sit
984 1803 1084 1866 vobis
1103 1802 1197 1886 quod
1218 1822 1280 1866 nos
1299 1801 1518 1866 concedimus

409 1914 445 1972 et
465 1907 744 1973 confirmauimus
763 1905 893 1971 Gilb'to
912 1906 1084 1971 Canonico
1103 1907 1169 1971 S'ei
1188 1906 1295 1971 Wilir.
1317 1906 1359 1969 de
1379 1905 1516 1989 Ripon',

410 2018 610 2077 carucatam
633 2018 721 2076 terre
742 2032 848 2095 quam
872 2011 945 2077 Ric.
970 2011 1121 2075 Turstini
1144 2010 1189 2075 fil.
1214 2010 1247 2074 in
1272 2010 1372 2074 feodo
1394 2010 1517 2083 tenuit,

412 2123 447 2181 et
479 2117 543 2200 ipsi
575 2115 730 2181 Gilberto
761 2115 796 2179 in
828 2115 929 2180 ieodo
960 2136 1037 2180 eam
1069 2115 1254 2179 tenendam
1285 2115 1451 2178 concessit
1484 2120 1518 2177 et

413 2221 518 2286 dedit.
568 2220 757 2286 Reddendo
777 2222 829 2305 (46
849 2222 894 2303 ν.)
914 2220 999 2305 sing.
1019 2221 1118 2284 annis
1135 2220 1272 2283 ecclesie
1289 2219 1376 2283 duos
1393 2218 1518 2282 solidos

414 2331 563 2390 tantum.
609 2325 711 2389 Teste
731 2326 817 2391 Rad.
839 2325 953 2409 Ep'o2
984 2331 1019 2389 et
1037 2324 1167 2388 ceteris.

417 2491 503 2570 (160)
556 2491 799 2567 (Aonsnnnur
822 2508 1000 2557 nnrwunu
1026 2491 1144 2556 R1pou
1169 2507 1245 2554 nun
1270 2490 1506 2562 Foourarusl.

501 2634 715 2718 Composicio
741 2634 834 2699 iacta
861 2635 951 2699 inter
978 2634 1056 2699 eccl.
1086 2634 1128 2698 de
1156 2633 1280 2717 Ripon’
1309 2639 1343 2696 et
1371 2634 1448 2697 eccl.
1478 2632 1520 2695 de

415 2739 583 2803 Fontibus
602 2739 704 2802 Anno
726 2739 838 2825 gracie
862 2738 1004 2802 Mill'mo
1025 2752 1104 2803 cc¹¹¹⁰
1123 2750 1211 2802 xx¹¹¹⁰
1226 2743 1361 2802 octauo,
1414 2737 1521 2801 Facta

415 2851 465 2908 est
491 2845 553 2908 hec
576 2844 782 2928 composicio
808 2845 897 2909 inter
921 2844 1071 2908 eccl¹iam
1096 2844 1138 2907 de
1165 2843 1289 2926 Ripon’
1315 2849 1349 2906 et
1375 2842 1453 2907 eccl.
1479 2842 1522 2906 de

415 2949 583 3013 Fontibus
605 2969 668 3032 pro
691 2950 783 3013 bono
805 2949 910 3033 pacis,
934 2949 1004 3013 scil.
1029 2948 1123 3033 quod
1147 2948 1180 3011 in
1204 2948 1522 3032 recompensacione

414 3053 572 3117 vndecim
609 3073 675 3118 acr.
714 3058 802 3117 terre
836 3073 983 3138 quarum
1020 3053 1137 3117 decem
1173 3072 1250 3116 aere
1285 3052 1396 3115 iacent
1433 3051 1522 3115 inter

413 3158 590 3243 grangiam
616 3157 659 3221 de
685 3155 863 3242 Galghagh
890 3164 924 3221 et
951 3157 1044 3222 viam
1070 3178 1138 3242 que
1163 3157 1260 3220 vadit
1287 3175 1347 3239 per
1372 3155 1521 3219 mediam

414 3262 532 3325 villam
552 3262 595 3325 de
615 3261 826 3345 Wynkeslay
847 3268 881 3325 et
901 3261 1083 3325 vndecima
1103 3281 1181 3324 aera
1202 3261 1289 3324 iacet
1311 3260 1344 3323 in
1365 3259 1521 3322 orientali

414 3372 515 3450 prato
543 3366 643 3430 iuxta
672 3364 845 3450 Capellam
875 3366 981 3430 eiusd.
1013 3366 1102 3440 ville,
1133 3365 1175 3428 de
1203 3364 1329 3449 quibus
1358 3363 1448 3428 Eccl.
1479 3363 1522 3427 de

415 3470 528 3554 Ripon
552 3470 739 3554 aliquando
762 3470 930 3534 decimam
953 3470 1047 3534 bladi
1070 3469 1241 3553 percipere
1263 3468 1430 3543 solebant,
1454 3489 1522 3552 que

414 3596 505 3639 nunc
527 3594 588 3659 per
609 3595 772 3639 monacos
794 3575 836 3639 de
859 3574 1028 3639 Fontibus
1050 3574 1083 3638 in
1107 3580 1246 3657 pratum
1270 3574 1406 3636 redacte
1428 3579 1520 3649 sunt,

414 3679 508 3764 quod
531 3680 606 3763 ipsa
630 3678 769 3743 ecclesia
793 3679 835 3742 de
859 3679 1028 3743 Fontibus
1051 3679 1216 3743 concessit
1242 3677 1351 3741 eidem
1375 3677 1453 3742 eccl.
1480 3678 1522 3741 de

417 3784 541 3867 Ripon'
564 3783 736 3867 percipere
757 3783 800 3847 de
821 3784 957 3847 essartis
979 3784 1049 3847 suis
1070 3784 1238 3847 decimam
1260 3781 1353 3845 bladi
1375 3787 1409 3844 et
1430 3781 1522 3866 legu-

415 3888 515 3952 minis
535 3888 577 3951 de
596 3908 666 3951 vna
685 3908 764 3952 acra
785 3893 873 3952 terre
893 3894 926 3951 et
947 3888 1090 3952 dimidia
1110 3888 1143 3952 in
1165 3886 1406 3970 Selbeshenges
1426 3893 1459 3949 et
1479 3887 1522 3951 de

415 4014 483 4057 vna
498 4012 577 4057 acra
593 3998 627 4056 et
643 4013 712 4056 vna
727 3992 811 4056 roda
826 3992 861 4055 in
878 3992 1196 4077 Vmirayriddinges
1211 3996 1245 4054 et
1261 3991 1304 4054 de
1319 3990 1376 4053 illo
1392 3997 1521 4055 essarto

416 4117 516 4190 super
535 4095 748 4182 Galgheberg
767 4103 938 4181 quantum
960 4103 1149 4162 essatatum
1173 4096 1243 4179 (sic)
1267 4095 1333 4159 iuit
1353 4095 1410 4158 illo
1430 4116 1521 4159 anno

416 4221 484 4285 quo
505 4202 566 4265 hec
587 4201 793 4285 composicio
815 4201 908 4266 lacta
929 4200 995 4265 luit
1017 4222 1078 4284 per
1098 4206 1209 4265 metas
1230 4199 1357 4262 ibidem
1379 4199 1519 4281 positas,

417 4305 517 4369 saluis
539 4305 700 4370 ecclesie3
721 4306 764 4369 de
786 4305 955 4369 Fontibus
977 4304 1162 4389 priuilegiis
1179 4302 1249 4366 suis
1268 4302 1311 4366 de
1327 4302 1519 4366 noualibus.

418 4407 462 4471 Et
484 4410 562 4474 eccl.
587 4410 629 4473 de
653 4409 767 4493 Ripon
789 4409 956 4474 concessit
979 4407 1058 4471 eccl.
1083 4407 1125 4471 de
1148 4406 1317 4469 Fontibus
1339 4405 1411 4468 sine
1433 4404 1521 4468 deci-

419 4514 569 4631 m'apione
586 4514 644 4578 illa
662 4514 753 4577 tofta
770 4514 805 4577 in
823 4512 1023 4592 Winkeslay
1040 4530 1108 4593 que
1126 4510 1267 4593 Joh'nes
1286 4508 1392 4571 frater
1410 4506 1520 4570 Nich’i

488 4695 495 4718 ¹
516 4689 656 4753 Probably
669 4690 709 4738 St.
724 4689 855 4744 William,
869 4688 933 4736 who
945 4684 1096 4734 succeeded
1110 4685 1260 4733 Thurstan.

486 4785 496 4807 ²
513 4782 571 4830 Not
584 4781 735 4831 identified.
809 4786 819 4815 ³
838 4777 983 4843 Repeated
997 4774 1025 4822 in
1039 4773 1094 4823 MS.

1554 1720 1715 1768 11434154.
