3950 5625
774 715 867 780 Acrs
891 732 937 780 or
959 714 1139 779 enarrer.
1450 731 1512 797 173

404 897 506 961 huius
524 896 723 961 testamenti
740 896 807 960 mei
825 894 1104 979 complecionem,
1123 900 1158 958 et
1176 901 1255 978 post
1273 895 1513 958 humacionem

404 1022 517 1066 meam
542 1001 683 1077 iactam,
710 999 754 1065 do
779 1006 814 1064 et
839 1000 913 1084 lego
938 998 1179 1063 executoribus
1204 1000 1288 1062 meis
1312 999 1513 1083 subscriptis

405 1106 449 1170 ad
490 1104 716 1170 distribuend.
759 1105 795 1168 in
836 1104 996 1188 operibus
1037 1103 1202 1179 caritatis
1246 1110 1285 1167 vt
1327 1104 1361 1167 in
1403 1103 1513 1167 missis

403 1209 624 1286 celebrandis,
636 1209 892 1274 ‘distribucione
911 1227 1113 1292 pauperum,
1134 1214 1168 1270 et
1189 1207 1266 1290 alijs
1285 1207 1352 1290 pijs
1372 1209 1512 1283 vsubus,

404 1314 592 1378 secundum
620 1313 863 1377 discrecionem
891 1311 1079 1377 eorundem
1107 1318 1330 1376 executorum
1358 1332 1513 1375 meorum

404 1425 440 1482 et
469 1425 572 1502 prout
601 1417 648 1482 eis
679 1418 799 1482 melius
828 1416 962 1481 videbit
992 1415 1162 1500 expedire,
1195 1417 1268 1480 Deo
1298 1417 1442 1500 placere,
1474 1437 1514 1480 ac

405 1523 507 1587 saluti
533 1523 646 1586 anime
671 1542 745 1586 mee
770 1521 879 1606 magis
905 1520 1077 1605 proficere.
1126 1520 1238 1584 Huius
1264 1527 1381 1585 autem
1408 1526 1513 1584 testa-

405 1627 512 1691 menti
536 1627 603 1690 mei
628 1626 717 1690 iacio
741 1633 775 1690 et
801 1625 975 1690 constituo
1000 1631 1200 1689 executores
1225 1646 1329 1699 meos,
1355 1625 1513 1689 videlicet

405 1731 501 1796 d’nm
527 1731 713 1795 Henricum
739 1731 893 1814 Jolypas,
919 1729 1147 1813 capellanum,
1174 1729 1406 1793 Camerarium
1431 1730 1511 1794 eccl.

407 1836 472 1901 S’ci
492 1836 588 1900 Pauli
607 1835 769 1919 predicte,
790 1834 886 1899 d'nm
904 1833 1033 1898 Will’m
1052 1833 1210 1918 Wryght,
1232 1834 1414 1898 Rectorem
1433 1834 1511 1898 eccl.

406 1940 522 2005 Sancti
541 1940 714 2004 Michaelis
733 1939 777 2004 ad
796 1939 906 2023 ripam
926 1938 1057 2023 Regine
1076 1938 1243 2012 London',
1264 1938 1358 2002 d’nm
1377 1938 1513 2020 Joh'em
1528 1950 1710 1998 Stllichael’s

406 2045 512 2120 Mede,
545 2052 578 2109 et
611 2045 743 2129 pred'm
774 2043 871 2108 d'nm
904 2043 1041 2125 J0h'em
1073 2042 1176 2117 stow,
1209 2042 1419 2125 Capelianos
1468 2044 1501 2107 It

405 2149 479 2234 lego
508 2149 647 2213 cuilibet
678 2149 850 2213 dictorum
882 2153 1106 2211 executorum
1137 2167 1290 2210 meorum
1320 2154 1360 2211 vt
1391 2149 1513 2211 subeat

406 2274 491 2317 onus
507 2253 719 2318 execucionis
736 2253 837 2317 huius
854 2251 1055 2315 testamenti
1072 2251 1149 2326 mei,
1168 2272 1255 2326 xxs,
1273 2251 1513 2335 dictorumque

406 2365 626 2422 executorum
663 2377 817 2421 meorum
854 2356 942 2420 facio
980 2362 1015 2418 et
1052 2356 1226 2419 constituo
1263 2356 1513 2440 superuisorem

407 2463 634 2527 venerabilem
658 2463 770 2526 virum
794 2461 890 2525 d’nm
915 2460 1212 2534 Thomam'More,
1238 2458 1407 2524 decanum
1431 2462 1511 2527 eccl.

409 2566 472 2631 S'ci
494 2567 590 2631 Pauli
611 2566 773 2651 predicte.
822 2566 863 2630 ln
884 2586 912 2630 c.
936 2584 961 2629 r.
985 2571 1010 2629 t.
1034 2565 1066 2629 h.
1090 2571 1115 2629 t.
1138 2585 1183 2628 m.
1206 2565 1265 2649 sig.
1289 2586 1333 2629 m.
1357 2567 1511 2649 apposui.

407 2671 485 2736 Dat.
508 2670 675 2746 London’‚
698 2669 752 2734 die
773 2677 808 2734 et
830 2690 920 2734 anno
941 2668 1115 2752 predictis

807 2862 894 2945 (256)
925 2862 1111 2944 (probate).

494 3018 662 3083 Nouerint
688 3017 835 3082 vniuersi
862 3037 922 3100 per
947 3023 1121 3101 presentes
1146 3017 1240 3101 quod
1264 3039 1327 3082 nos
1352 3020 1512 3095 Thomas,

408 3123 626 3206 permissione
659 3122 776 3186 diuina
808 3121 970 3186 Cantuar.
1005 3121 1216 3205 Archiep’uS,
1251 3124 1361 3188 tocius
1393 3125 1513 3208 Anglie

409 3227 549 3302 Primas,
561 3234 596 3291 et
607 3226 792 3310 apostolice
803 3224 891 3290 sedis
902 3226 1045 3310 legatus
1058 3233 1180 3290 notum
1192 3227 1336 3291 facimus
1346 3228 1513 3292 vniuersis

408 3331 499 3415 quod
528 3331 690 3395 vicesimo
721 3330 825 3393 tercio
855 3328 909 3393 die
938 3330 1064 3393 mensis
1093 3330 1268 3413 Februarij
1301 3332 1402 3395 Anno
1433 3333 1513 3396 D'ni

409 3435 549 3500 Mill'mo
576 3444 691 3499 cccc⁰¹⁰
720 3455 811 3498 nono
839 3434 873 3498 in
903 3434 981 3498 eccl.
1008 3433 1106 3498 Cath.
1133 3433 1199 3497 S'ci
1229 3434 1326 3499 Pauli
1357 3436 1511 3501 London’

407 3542 591 3623 probatum
639 3538 705 3603 fuit
751 3559 867 3602 coram
913 3538 1012 3602 nobis
1060 3544 1308 3603 testamentum
1357 3541 1513 3625 Hugonis

408 3643 634 3728 Cotyngham,
676 3642 803 3717 Clerici,
845 3641 1006 3706 Canonici
1047 3642 1126 3706 eccl.
1168 3641 1267 3707 Cath.
1309 3643 1375 3708 S'ci
1416 3645 1512 3709 Pauli

408 3748 590 3823 antedicte,
609 3767 719 3830 nuper
738 3746 901 3821 defuncti,
920 3746 1136 3829 presentibus
1153 3767 1337 3823 annexum,
1355 3748 1514 3833 idemque

408 3856 656 3917 testamentum
684 3871 746 3935 pro
775 3848 880 3914 etex
908 3870 948 3913 eo
976 3850 1071 3935 quod
1099 3850 1190 3914 idem
1219 3850 1402 3917 defunctus
1430 3853 1514 3918 dum

407 3956 494 4020 vixit
514 3962 549 4019 et
569 3961 723 4039 tempore
742 3954 864 4018 mortis
883 3954 1035 4018 eiusdem
1054 3954 1219 4019 nonnulla
1237 3955 1329 4019 bona
1347 3958 1514 4022 notabilia

408 4164 558 4248 optinuit
577 4163 619 4228 de
639 4163 857 4248 prerogatiua
876 4163 990 4227 eccl’ie
1008 4163 1081 4227 n're
1100 4163 1211 4238 Cant„
1230 4166 1415 4247 probatum
1435 4165 1512 4240 fuit,

407 4269 648 4353 approbatum,
693 4273 728 4330 et
771 4267 921 4351 legitime
965 4267 1232 4350 pronunciatum
1275 4288 1338 4351 pro
1381 4269 1512 4346 eodem,

407 4372 730 4455 administracioque
750 4371 904 4435 omnium
923 4372 1093 4435 bonorum
1112 4370 1245 4435 dictum
1265 4377 1513 4437 testamentum

408 4482 441 4539 et
469 4476 574 4559 ipsius
603 4474 757 4539 defuncti
786 4475 945 4538 vltimam
973 4474 1192 4538 voluntatem
1220 4476 1512 4551 concemencium,

408 4580 532 4644 dilecto
550 4580 585 4644 in
603 4599 673 4661 xpo
691 4577 760 4641 filio
779 4577 860 4642 d'no
878 4578 972 4660 Joh’i
991 4577 1113 4650 stowe,
1133 4578 1320 4661 capellano,
1340 4582 1514 4645 executori

410 4682 443 4747 in
462 4683 582 4748 eodem
602 4687 812 4745 testamento
831 4680 1010 4745 nominato
1029 4677 1071 4740 de
1090 4677 1182 4743 fideli
1202 4680 1402 4747 Inuentario
1421 4703 1512 4749 omn.

408 4786 575 4854 bonorum
600 4784 795 4851 huiusmodi
821 4781 1043 4856 conficiendo,
1070 4799 1175 4847 acea
1199 4785 1286 4849 bene
1310 4793 1345 4849 et
1370 4786 1515 4865 fideliter

1505 2044 1512 2065 a
1534 2017 1709 2080 Queenhithe

1565 3044 1693 3090 ¹409·10.·

1563 3097 1628 3147 Feb.
1647 3112 1688 3159 23.

1592 3178 1662 3240 nbp.

1560 3245 1691 3293 :trundel
