3950 5625
780 701 876 765 Acrs
900 719 947 765 or
970 700 1161 766 Cuxrrax.
1503 717 1520 779 7

493 875 516 935 l.
567 875 621 939 Ad
672 875 747 950 hec,
791 891 826 939 vt
865 873 984 957 prefati
1023 874 1167 939 ecclesie
1211 874 1440 938 deseruitores
1481 894 1521 936 ac
1570 878 1718 952 Firparvp

408 975 558 1038 ministri
578 974 696 1039 officio
713 975 807 1056 quod
830 974 903 1039 suis
926 989 1112 1039 assumunt
1137 973 1291 1037 humeris
1316 972 1521 1055 portabilius
1536 944 1728 1055 ffif'ssffl'ss

407 1075 478 1138 sint
490 1074 635 1150 astricti,
654 1096 696 1138 ne
710 1088 873 1138 extranea
885 1074 950 1138 sibi
963 1087 1111 1156 querant
1125 1072 1276 1156 vagandi
1289 1071 1517 1155 subterfugia,
1538 1073 1642 1148 Rt'non'
1676 1088 1728 1134 rw

410 1176 577 1238 volumus
616 1196 656 1237 ac
692 1174 897 1238 ordinamus
929 1187 964 1236 vt
996 1175 1115 1237 nullus
1145 1173 1346 1236 deseruiens
1379 1172 1411 1234 in
1446 1171 1521 1254 ipsa
1535 1139 1704 1267 imi*

409 1274 558 1338 ecclesia
586 1273 723 1336 firmam
752 1273 906 1356 aliquam
934 1273 975 1337 de
1007 1286 1120 1336 cetero
1150 1273 1299 1354 recipere
1332 1284 1518 1354 presumat,

410 1374 505 1454 quod
532 1373 560 1437 si
594 1374 680 1436 tales
711 1372 943 1448 inueniantur,
972 1385 1031 1435 aut
1064 1372 1149 1454 ipsis
1181 1370 1289 1434 firmis
1319 1370 1406 1433 infra
1433 1371 1521 1434 duos

413 1494 553 1536 menses
571 1487 756 1554 postquam
781 1472 936 1556 legitime
963 1472 1083 1535 moniti
1110 1471 1236 1534 fuerint
1261 1470 1518 1543 renunciemus,

412 1586 473 1635 aut
491 1572 602 1654 ipsius
618 1572 763 1635 ecclesie
779 1572 965 1635 seruicium
983 1572 1155 1634 amittant.

501 1732 513 1763 ⁸
572 1732 732 1796 Preterea
779 1733 941 1796 volumus
986 1746 1020 1796 et
1066 1733 1271 1796 ordinamus
1319 1746 1352 1794 ut
1400 1731 1518 1813 prefati
1561 1768 1728 1816 „amm

413 1833 599 1915 capellani,
627 1832 775 1908 diaconi,
802 1846 836 1896 et
861 1832 1066 1896 subdiaconi
1099 1832 1131 1894 in
1158 1832 1303 1896 ecclesia
1332 1845 1521 1894 memorata
1537 1850 1610 1881 worn
1635 1834 1660 1880 ³¹⁸
1690 1833 1728 1880 nu

414 1933 474 2014 qui
509 1953 568 2014 per
600 1933 712 2014 ipsam
745 1932 862 1994 villam
898 1931 1039 2016 Rypon'
1068 1931 1224 1994 infirmos
1253 1930 1434 2002 visitaturi,
1463 1945 1522 1992 aut
1536 1899 1728 2025 iiiiissngssii',

414 2032 510 2095 aliud
536 2030 687 2095 officium
717 2031 810 2113 quod
836 2032 887 2095 eis
913 2031 1083 2095 incumbit
1108 2031 1295 2104 executuri,
1325 2030 1522 2094 incedentes
1537 2030 1604 2121 Sick·
1626 2039 1690 2122 rte..

415 2131 572 2194 habitum
598 2130 753 2194 deferant
776 2144 993 2202 consuetum,
1022 2131 1152 2194 scilicet
1173 2130 1463 2212 superpelliceum
1490 2144 1523 2193 et
1537 2096 1725 2222 ssfiffedsshd’u‘

402 2252 550 2313 capam.
602 2230 823 2294 lnfirmorum
851 2252 933 2295 vero
959 2231 1154 2295 visitatores
1180 2251 1240 2312 per
1265 2230 1375 2312 ipsam
1402 2229 1520 2292 villam
1537 2223 1694 2336 ΨΡΜΜ

417 2351 495 2394 cum
536 2330 660 2393 clerico
701 2330 732 2392 in
774 2330 905 2405 habitu,
940 2351 1111 2412 campana
1146 2344 1178 2394 et
1211 2331 1350 2392 lucerna
1382 2329 1523 2392 ardente
1538 2299 1651 2409 mim,
1666 2303 1728 2402 ,iii

419 2429 693 2512 precedentibus,
715 2429 858 2493 honeste
874 2451 914 2493 ac
931 2450 1009 2493 cum
1027 2429 1122 2493 omni
1146 2429 1343 2492 reuerencia
1367 2427 1524 2492 deferant
1537 2420 1641 2532 ffi‘k
1655 2419 1680 2467 ³¹¹

419 2529 555 2612 Corpus
587 2527 670 2610 Xpi.
737 2528 841 2592 Extra
869 2551 951 2593 vero
979 2529 1097 2591 villam
1129 2527 1285 2592 infirmos
1315 2528 1460 2591 visitans
1490 2527 1522 2589 in
1616 2519 1622 2532 ’

421 2629 540 2692 habitu
568 2628 702 2692 decenti
730 2628 892 2692 incedens
916 2650 993 2692 cum
1023 2629 1147 2692 clerico
1172 2632 1205 2709 (3
1219 2634 1266 2706 v.)
1294 2643 1327 2692 et
1354 2647 1525 2710 campana

420 2728 522 2792 officii
558 2728 611 2792 sui
652 2728 804 2792 debitum
845 2729 970 2793 deuote
1005 2742 1203 2810 exequetur.
1278 2729 1310 2791 ls
1351 2748 1431 2792 vero
1470 2727 1523 2790 cui

422 2828 588 2911 prefatum
609 2829 823 2894 visitacionis
842 2830 1010 2893 incumbit
1028 2830 1270 2902 ministerium,
1293 2829 1325 2890 in
1349 2850 1431 2891 casu
1455 2849 1526 2909 quo

422 2950 543 2993 vacare
584 2950 651 2991 non
686 2942 808 3010 potest,
844 2930 957 3011 ipsum
995 2930 1078 2991 nulli
1115 2929 1179 2992 nisi
1211 2928 1313 2991 alicui
1346 2927 1388 2991 de
1420 2927 1526 2990 choro

420 3029 636 3093 committere
654 3041 840 3110 presumat.
891 3028 959 3113 Qui
979 3049 1061 3092 vero
1080 3028 1112 3089 in
1131 3028 1250 3109 aliquo
1276 3028 1524 3109 premissorum

423 3128 602 3212 necligens
634 3128 833 3191 inueniatur
863 3149 923 3192 seu
959 3128 1135 3201 remissus,
1171 3127 1204 3188 in
1245 3128 1397 3209 capitulo
1438 3145 1527 3208 pena

420 3228 599 3310 condigna
616 3227 790 3306 puniatur.

506 3389 518 3419 ⁴
578 3389 675 3463 ltem,
709 3389 792 3470 quia
826 3389 923 3452 decet
958 3389 1021 3451 l)ei
1057 3388 1233 3452 ministros
1265 3402 1404 3451 sanctos
1436 3409 1522 3462 essc,
1576 3403 1649 3478 Nora
1671 3404 1728 3450 tran.

421 3488 555 3553 dicente
582 3487 748 3565 Domino,
777 3488 894 3551 Sancti
924 3503 1044 3564 estote,
1076 3488 1158 3568 quia
1182 3509 1250 3570 ego
1278 3503 1419 3551 sanctus
1448 3507 1523 3550 sum
1541 3470 1728 3582 [fffi'ffluss'ss'm

421 3600 483 3652 etc.
525 3610 565 3652 ac
605 3587 730 3651 nedum
771 3609 791 3649 a
832 3590 923 3651 malo
962 3588 1022 3652 sed
1063 3589 1107 3650 ab
1146 3587 1241 3650 omni
1281 3587 1396 3670 specie
1435 3588 1526 3648 mala
1541 3610 1597 3646 uos
1611 3615 1707 3661 vagos.

421 3687 665 3752 abstinendum
706 3688 760 3763 sit,
804 3688 1004 3751 memoratis
1042 3687 1185 3751 ecclesie
1222 3687 1448 3750 servitoribus
1486 3708 1526 3749 ac

423 3787 589 3851 ministris
635 3789 808 3858 tabernas,
859 3787 1043 3850 inhonesta
1098 3786 1279 3849 mulierum
1332 3786 1522 3861 consorcia,
1574 3800 1677 3874 cotnra

421 3888 618 3971 spectacula
661 3886 810 3968 publica,
857 3886 957 3949 ludos
1002 3886 1215 3959 inhonestos,
1259 3907 1299 3949 ae
1340 3886 1409 3948 alia
1453 3886 1527 3948 loca
1541 3866 1673 3913 ΜΝ*

421 4001 592 4068 suspecta,
612 4007 653 4049 ex
674 3985 803 4067 quibus
823 3985 1026 4048 scandalum
1052 3985 1131 4047 oriri
1160 3985 1282 4067 poterit
1308 3985 1340 4046 in
1366 3984 1523 4057 ecclesia,

421 4100 480 4148 aut
520 4098 707 4149 nocturnas
738 4086 960 4169 vagaciones,
997 4085 1158 4166 precipue
1199 4098 1276 4166 post
1316 4084 1523 4167 ignitegium

422 4186 608 4267 pulsatum,
640 4184 778 4266 penitus
807 4184 1054 4247 interdicimus.
1106 4184 1142 4246 Si
1176 4184 1255 4265 quis
1284 4204 1365 4246 vero
1389 4196 1523 4246 contra·
1575 4192 1713 4265 Nolana

423 4284 538 4347 venire
562 4284 821 4366 presumpserit,
849 4284 1030 4346 conuictus
1055 4284 1167 4365 primo
1192 4283 1382 4346 secundum
1408 4282 1521 4346 delicti
1538 4265 1724 4321 perustarum

421 4384 634 4465 qualitatem,
659 4404 718 4466 per
738 4383 929 4465 capitulum
955 4383 1128 4464 puniatur,
1152 4382 1306 4445 secundo
1328 4381 1520 4453 conuictus,
1571 4386 1725 4462 capitulum

417 4482 516 4566 juxta
544 4483 636 4564 quod
668 4483 775 4546 creuit
806 4481 1036 4553 contumacia,
1071 4495 1200 4544 crescat
1231 4494 1264 4544 et
1297 4501 1385 4561 pena
1415 4460 1639 4542 delin·⁹¹¹'¹'²¹¹'

421 4582 569 4663 quentis.
638 4582 762 4645 lterato
802 4600 883 4643 vero
922 4579 1103 4642 conuictus
1143 4580 1284 4641 vlterius
1323 4591 1412 4640 stare
1454 4599 1521 4640 non

424 4681 638 4763 permittatur
664 4681 740 4757 nisi,
768 4676 986 4744 correccione
1010 4678 1219 4742 sufficienter
1243 4675 1341 4750 facta,
1365 4675 1458 4757 quod
1483 4676 1525 4740 de
