3950 5625
444 713 506 781 154
727 701 805 766 Tne
831 702 987 766 Incursu
1011 702 1257 767 Mnuoscmer.

441 877 624 963 Georgium
651 880 705 944 vel
731 887 987 964 procuratorem
1014 901 1115 947 suum
1142 881 1213 947 eius
1239 881 1377 945 nomine
1405 881 1548 946 vlterius

441 983 575 1048 faciatis
601 991 636 1048 et
662 985 879 1069 exequamini
906 985 940 1050 in
967 986 1032 1049 hac
1057 991 1156 1069 parte
1181 984 1275 1068 quod
1302 990 1354 1048 est
1380 990 1546 1048 vestrum.

441 1088 521 1151 Dat.
548 1087 650 1152 Ebor.
676 1089 837 1153 vicesimo
860 1089 983 1174 quinto
1007 1088 1062 1153 die
1085 1089 1210 1153 mensis
1233 1088 1421 1154 Nouembr.
1447 1088 1549 1153 Anno

441 1191 521 1256 D’ni
541 1192 717 1257 Millesimo
736 1205 853 1258 ccccm0
870 1199 978 1259 sexto.

529 1309 628 1372 Istud
658 1309 863 1375 mandatum
893 1311 959 1376 fuit
989 1315 1227 1394 presentatum
1257 1309 1418 1393 Capitulo
1449 1311 1550 1374 xxixo

441 1413 495 1477 die
519 1413 704 1479 Nouembr.
730 1422 764 1479 et
788 1416 899 1498 primo
922 1415 976 1480 die
1001 1416 1178 1479 Decembr.
1205 1414 1271 1479 luit
1295 1414 1466 1480 admissus
1490 1436 1549 1501 per

441 1524 706 1601 procuratorem,
749 1539 851 1602 super
891 1540 961 1604 qua
1003 1519 1208 1583 admissione
1249 1520 1372 1583 habuit
1415 1519 1549 1584 litteras

441 1621 590 1706 Capituli
609 1623 644 1687 in
663 1623 783 1688 forma.

443 1776 530 1860 (226)
556 1778 735 1842 Aomssro
759 1777 891 1842 Mnc’ru
915 1777 1049 1841 Tirone
1072 1778 1217 1842 Potron
1241 1795 1290 1841 Ar)
1315 1779 1548 1842 Pnsnnuunru

486 1899 534 1945 oa
558 1882 761 1946 Sroomrru.

273 2014 382 2069 nouo,
529 2011 706 2087 Henricus,
754 2011 973 2095 permissione
1019 2011 1137 2076 diuina
1183 2012 1285 2076 Ebor.
1333 2012 1547 2096 Archiep'us,

261 2077 424 2220 >linbila
440 2114 560 2200 Anglie
574 2115 711 2198 primas
727 2121 762 2179 et
776 2137 830 2198 ap.
846 2115 915 2180 sed.
931 2115 1075 2200 legatus,
1091 2115 1148 2180 dil.
1164 2117 1199 2180 in
1213 2137 1282 2200 xpo
1296 2115 1372 2179 filiis
1387 2116 1548 2200 Capitulo

440 2219 518 2283 eccl.
538 2218 609 2282 n’re
627 2219 749 2304 Colleg.
770 2220 824 2294 R,
842 2240 890 2283 sa.
909 2240 978 2303 gra.
999 2226 1034 2283 et
1051 2221 1127 2285 ben.
1184 2220 1272 2303 Quia
1289 2240 1351 2284 nos
1368 2219 1496 2285 dilecto
1513 2223 1547 2286 in

440 2344 509 2407 xpo
525 2322 594 2386 filio
611 2323 741 2407 Mag’ro
760 2323 889 2387 Thome
909 2322 1034 2387 Polton
1053 2323 1087 2386 in
1104 2329 1251 2407 vtroque
1267 2323 1339 2386 iure
1356 2323 1548 2391 Bacallario

439 2427 688 2493 Canonicatum
708 2427 786 2492 eccl.
808 2427 879 2491 n're
899 2426 972 2490 coll.
995 2426 1088 2510 pred.
1107 2432 1141 2489 et
1159 2426 1255 2490 Preb.
1274 2426 1316 2489 de
1334 2426 1497 2512 Stodeley
1513 2429 1547 2493 in

438 2532 558 2596 eadem
579 2552 640 2615 per
662 2531 781 2616 resign.
801 2530 921 2616 Mag’ri
943 2530 1073 2593 Thome
1097 2529 1296 2605 Grenewod,
1316 2533 1548 2613 procuratoris

438 2635 613 2700 reuerendi
637 2635 701 2700 viri
725 2635 843 2719 Mag'ri
868 2634 1034 2718 Stephani
1057 2634 1087 2697 le
1109 2635 1224 2717 Scrop,
1242 2633 1355 2698 vltimi
1374 2634 1546 2700 dictorum

438 2739 667 2803 Canonicatus
705 2745 739 2802 et
776 2739 947 2823 prebende
984 2738 1146 2803 Canonici
1183 2744 1218 2801 et
1255 2738 1470 2823 prebendarij
1512 2747 1546 2804 et

438 2844 587 2929 leptime
600 2844 780 2908 constituti
794 2844 828 2908 in
841 2844 1001 2908 manibus
1013 2843 1095 2907 n'ris
1107 2864 1149 2906 ex
1162 2864 1266 2907 causa
1278 2844 1546 2926 permutacionis

439 2947 592 3012 faciende
626 2947 668 3010 de
703 2947 829 3011 eisdem
864 2968 942 3011 cum
977 2948 1191 3012 Canonicatu
1225 2953 1259 3010 et
1294 2948 1471 3031 prebenda
1506 2950 1549 3014 de

440 3051 568 3115 Bichell
595 3051 629 3115 in
658 3051 902 3135 Knaresburgh
929 3051 963 3114 in
987 3051 1066 3116 eccl.
1092 3051 1167 3115 n’ra
1192 3050 1291 3115 Cath.
1317 3052 1433 3127 Ebot„
1461 3075 1550 3137 quos

438 3155 529 3220 idem
562 3155 670 3240 Mag’r
702 3155 851 3219 Thomas
878 3155 1046 3238 primitus
1069 3154 1232 3238 optinuit,
1265 3155 1300 3219 in
1331 3156 1452 3220 eadem
1486 3158 1551 3222 rite

438 3260 568 3324 iactam
611 3266 645 3323 et
688 3280 749 3343 per
791 3280 853 3324 nos
897 3260 1085 3324 autoritate
1129 3259 1318 3342 apostolica
1362 3261 1551 3327 admissam
1580 3320 1582 3323 .

438 3369 612 3438 vacantes,
636 3369 670 3426 et
693 3363 738 3427 ad
759 3364 870 3427 n'ram
892 3363 1113 3428 collacionem
1135 3370 1332 3446 spectantes
1353 3365 1456 3447 pleno
1477 3366 1550 3431 iure

438 3468 473 3532 in
507 3487 688 3551 personam
724 3466 843 3551 Mag’ri
877 3467 989 3550 Joh'is
1023 3467 1196 3532 Wodham
1231 3470 1462 3551 procuratoris
1496 3472 1549 3537 sui

438 3570 645 3635 sufficienter
673 3577 708 3634 et
737 3570 887 3655 legitime
917 3571 951 3634 in
981 3572 1046 3635 hac
1075 3578 1174 3656 parte
1204 3572 1397 3648 constituti,
1428 3574 1550 3639 eadem

439 3676 647 3740 auctoritate
670 3675 878 3740 contulimus
901 3675 1032 3741 intuitu
1055 3676 1220 3751 caritatis,
1245 3681 1280 3739 et
1303 3677 1416 3760 ipsum
1439 3678 1549 3744 Cano-

438 3779 554 3843 nicum
572 3779 834 3863 prebendatum‚
854 3780 888 3842 in
908 3779 986 3843 eccl.
1008 3780 1083 3844 n’ra
1102 3779 1225 3863 Colleg.
1246 3780 1401 3863 predicta
1419 3781 1454 3845 in
1473 3804 1548 3866 per-

438 3904 558 3948 sonam
592 3884 644 3947 sui
678 3884 908 3968 procuratoris
942 3884 1037 3959 dicti,
1073 3890 1107 3947 et
1142 3884 1255 3967 ipsum
1289 3893 1548 3967 procuratorem

355 4039 356 4043 ,
438 4008 539 4052 suum
561 3987 596 4051 in
619 4008 800 4071 personam
822 3987 874 4051 sui
897 3987 1111 4052 instituimus
1134 3995 1169 4052 et
1192 3989 1434 4053 inuestiuimus
1457 3990 1549 4056 dicte

438 4092 704 4176 permutacionis
742 4097 888 4175 optentu
925 4093 1087 4156 canonice
1124 4093 1159 4156 in
1197 4093 1325 4157 eisdem
1362 4115 1441 4158 cum
1478 4097 1548 4160 suis

438 4196 568 4261 iuribus
592 4202 626 4260 et
650 4197 772 4280 pertin.
799 4197 975 4261 vniuersis.
1023 4197 1129 4261 Vobis
1153 4198 1359 4261 mandamus
1382 4200 1548 4282 quatinus

438 4302 527 4365 circa
567 4300 740 4383 prefatum
780 4300 947 4384 Mag'rum
986 4301 1155 4365 Thomam
1195 4301 1251 4365 vel
1290 4308 1547 4385 procuratorem

437 4426 538 4470 suum
555 4405 626 4470 eius
644 4405 781 4468 nomine
801 4404 935 4468 faciatis
958 4405 1111 4479 vlteriuS,
1132 4410 1165 4468 et
1192 4406 1410 4490 exequamini
1428 4407 1463 4471 in
1483 4409 1547 4475 hac

437 4514 536 4593 parte
559 4507 653 4592 quod
673 4512 724 4570 est
749 4513 913 4572 vestrum.
961 4510 1042 4574 Dat.
1064 4511 1098 4574 in
1120 4516 1234 4575 castro
1254 4511 1328 4575 n’ro
1347 4511 1389 4573 de
1409 4510 1545 4590 Cawod,

437 4612 618 4677 vndecimo
645 4611 699 4675 die
727 4632 832 4675 mens
863 4612 1005 4694 Januar.
1035 4617 1135 4681 Anno
1163 4617 1234 4681 d’ni
1262 4617 1405 4680 Mill'mo
1428 4631 1547 4681 ccccm0

436 4723 561 4784 octauo
578 4723 612 4780 et
628 4715 700 4780 n’re
718 4715 967 4781 Translacionis
986 4740 1077 4785 anno
1095 4721 1255 4785 secundo

526 4832 625 4899 Istud
643 4831 848 4898 mandatum
866 4832 933 4898 fuit
950 4844 1188 4919 presentatum
1206 4837 1376 4921 Capitulo
