<?xml version="1.0" encoding="UTF-8"?>
<!DOCTYPE html PUBLIC "-//W3C//DTD XHTML 1.0 Transitional//EN"
    "http://www.w3.org/TR/xhtml1/DTD/xhtml1-transitional.dtd">
<html xmlns="http://www.w3.org/1999/xhtml" xml:lang="en" lang="en">
 <head>
  <title>
</title>
<meta http-equiv="Content-Type" content="text/html;charset=utf-8" />
  <meta name='ocr-system' content='tesseract 3.04.00' />
  <meta name='ocr-capabilities' content='ocr_page ocr_carea ocr_par ocr_line ocrx_word'/>
</head>
<body>
  <div class='ocr_page' id='page_1' title='image "./memorialschurch00fowlgoog_0095.png"; bbox 0 0 3950 5625; ppageno 0'>
   <div class='ocr_carea' id='block_1_1' title="bbox 736 616 1502 790">
    <p class='ocr_par' dir='ltr' id='par_1_1' title="bbox 736 616 1502 790">
     <span class='ocr_line' id='line_1_1' title="bbox 810 616 1084 683; baseline -0.011 0"><span class='ocrx_word' id='word_1_1' title='bbox 810 616 1084 683; x_wconf 71' lang='lat' dir='ltr'>Cnarurnar.</span> 
     </span>
     <span class='ocr_line' id='line_1_2' title="bbox 736 706 1502 790; baseline -0.001 -16"><span class='ocrx_word' id='word_1_2' title='bbox 736 706 1161 775; x_wconf 48' lang='lat' dir='ltr'><em>Q</em></span> <span class='ocrx_word' id='word_1_3' title='bbox 1463 725 1502 790; x_wconf 81' lang='lat'>57</span> 
     </span>
    </p>
   </div>
   <div class='ocr_carea' id='block_1_2' title="bbox 401 885 1507 1374">
    <p class='ocr_par' dir='ltr' id='par_1_2' title="bbox 401 885 1507 1374">
     <span class='ocr_line' id='line_1_3' title="bbox 401 885 1502 970; baseline 0 -21"><span class='ocrx_word' id='word_1_4' title='bbox 401 890 518 950; x_wconf 88' lang='lat' dir='ltr'>autern</span> <span class='ocrx_word' id='word_1_5' title='bbox 532 885 581 949; x_wconf 89' lang='lat' dir='ltr'>rei</span> <span class='ocrx_word' id='word_1_6' title='bbox 595 886 700 951; x_wconf 89' lang='lat' dir='ltr'>robur</span> <span class='ocrx_word' id='word_1_7' title='bbox 712 891 748 950; x_wconf 87' lang='lat' dir='ltr'>et</span> <span class='ocrx_word' id='word_1_8' title='bbox 762 887 1000 950; x_wconf 89' lang='lat' dir='ltr'>testimonium</span> <span class='ocrx_word' id='word_1_9' title='bbox 1013 887 1091 951; x_wconf 92' lang='lat' dir='ltr'>huic</span> <span class='ocrx_word' id='word_1_10' title='bbox 1103 893 1197 951; x_wconf 84' lang='lat' dir='ltr'>carte</span> <span class='ocrx_word' id='word_1_11' title='bbox 1211 887 1271 970; x_wconf 86' lang='lat' dir='ltr'>sig.</span> <span class='ocrx_word' id='word_1_12' title='bbox 1286 906 1331 950; x_wconf 92' lang='lat' dir='ltr'>m.</span> <span class='ocrx_word' id='word_1_13' title='bbox 1346 886 1502 969; x_wconf 85' lang='lat' dir='ltr'>apposui.</span> 
     </span>
     <span class='ocr_line' id='line_1_4' title="bbox 403 989 1504 1075; baseline 0 -23"><span class='ocrx_word' id='word_1_14' title='bbox 403 989 479 1053; x_wconf 88' lang='lat' dir='ltr'>Hiis</span> <span class='ocrx_word' id='word_1_15' title='bbox 502 990 661 1065; x_wconf 72' lang='lat' dir='ltr'>testibus</span> <span class='ocrx_word' id='word_1_16' title='bbox 686 990 823 1075; x_wconf 88' lang='lat' dir='ltr'>Mag’ris</span> <span class='ocrx_word' id='word_1_17' title='bbox 847 990 879 1073; x_wconf 92' lang='lat' dir='ltr'>J.</span> <span class='ocrx_word' id='word_1_18' title='bbox 906 990 1264 1066; x_wconf 82' lang='lat' dir='ltr'>Rom.,Laur’,Wi11.</span> <span class='ocrx_word' id='word_1_19' title='bbox 1291 989 1335 1053; x_wconf 88' lang='lat' dir='ltr'>fil.</span> <span class='ocrx_word' id='word_1_20' title='bbox 1362 989 1504 1073; x_wconf 86' lang='lat' dir='ltr'>Steph‘i,</span> 
     </span>
     <span class='ocr_line' id='line_1_5' title="bbox 401 1093 1506 1178; baseline -0.001 -21"><span class='ocrx_word' id='word_1_21' title='bbox 401 1093 581 1159; x_wconf 85' lang='lat' dir='ltr'>Canonicis</span> <span class='ocrx_word' id='word_1_22' title='bbox 625 1094 763 1178; x_wconf 89' lang='lat' dir='ltr'>Ripon&#39;,</span> <span class='ocrx_word' id='word_1_23' title='bbox 810 1094 936 1169; x_wconf 87' lang='lat' dir='ltr'>Ranu’,</span> <span class='ocrx_word' id='word_1_24' title='bbox 982 1094 1118 1177; x_wconf 91' lang='lat' dir='ltr'>Joh&#39;ne,</span> <span class='ocrx_word' id='word_1_25' title='bbox 1158 1093 1319 1168; x_wconf 82' lang='lat' dir='ltr'>Win&#39;mo,</span> <span class='ocrx_word' id='word_1_26' title='bbox 1366 1093 1506 1167; x_wconf 85' lang='lat' dir='ltr'>Rob&#39;t0,</span> 
     </span>
     <span class='ocr_line' id='line_1_6' title="bbox 401 1196 1507 1283; baseline -0.001 -22"><span class='ocrx_word' id='word_1_27' title='bbox 401 1197 604 1281; x_wconf 88' lang='lat' dir='ltr'>Capellanis‚</span> <span class='ocrx_word' id='word_1_28' title='bbox 625 1198 757 1263; x_wconf 84' lang='lat' dir='ltr'>Rob&#39;to</span> <span class='ocrx_word' id='word_1_29' title='bbox 774 1198 819 1262; x_wconf 82' lang='lat' dir='ltr'>fil.</span> <span class='ocrx_word' id='word_1_30' title='bbox 840 1198 993 1273; x_wconf 89' lang='lat' dir='ltr'>Aldredi,</span> <span class='ocrx_word' id='word_1_31' title='bbox 1010 1198 1124 1262; x_wconf 90' lang='lat' dir='ltr'>Will&#39;o</span> <span class='ocrx_word' id='word_1_32' title='bbox 1140 1198 1182 1263; x_wconf 86' lang='lat' dir='ltr'>de</span> <span class='ocrx_word' id='word_1_33' title='bbox 1198 1196 1320 1283; x_wconf 85' lang='lat' dir='ltr'>Gaugi,</span> <span class='ocrx_word' id='word_1_34' title='bbox 1341 1196 1444 1261; x_wconf 86' lang='lat' dir='ltr'>Walt’</span> <span class='ocrx_word' id='word_1_35' title='bbox 1465 1197 1507 1261; x_wconf 84' lang='lat' dir='ltr'>de</span> 
     </span>
     <span class='ocr_line' id='line_1_7' title="bbox 402 1301 697 1374; baseline 0.007 -9"><span class='ocrx_word' id='word_1_36' title='bbox 402 1301 538 1374; x_wconf 90' lang='lat' dir='ltr'>Hawes,</span> <span class='ocrx_word' id='word_1_37' title='bbox 558 1308 594 1366; x_wconf 92' lang='lat' dir='ltr'>et</span> <span class='ocrx_word' id='word_1_38' title='bbox 613 1302 697 1368; x_wconf 82' lang='lat' dir='ltr'>aliis,</span> 
     </span>
    </p>
   </div>
   <div class='ocr_carea' id='block_1_3' title="bbox 403 1480 1508 1663">
    <p class='ocr_par' dir='ltr' id='par_1_3' title="bbox 403 1480 1508 1663">
     <span class='ocr_line' id='line_1_8' title="bbox 403 1480 1508 1565; baseline -0.001 -20"><span class='ocrx_word' id='word_1_39' title='bbox 403 1480 469 1565; x_wconf 64' lang='lat'>(78)</span> <span class='ocrx_word' id='word_1_40' title='bbox 496 1498 618 1546; x_wconf 75' lang='lat' dir='ltr'>GRANT</span> <span class='ocrx_word' id='word_1_41' title='bbox 640 1498 685 1546; x_wconf 76' lang='lat' dir='ltr'>or</span> <span class='ocrx_word' id='word_1_42' title='bbox 708 1499 730 1545; x_wconf 72' lang='lat' dir='ltr'>a</span> <span class='ocrx_word' id='word_1_43' title='bbox 753 1482 948 1547; x_wconf 78' lang='lat' dir='ltr'>Mnaarnca</span> <span class='ocrx_word' id='word_1_44' title='bbox 971 1499 1127 1547; x_wconf 70' lang='lat' dir='ltr'>noanon</span> <span class='ocrx_word' id='word_1_45' title='bbox 1153 1483 1209 1563; x_wconf 90' lang='lat' dir='ltr'>(on</span> <span class='ocrx_word' id='word_1_46' title='bbox 1230 1503 1250 1546; x_wconf 87' lang='lat' dir='ltr'>a</span> <span class='ocrx_word' id='word_1_47' title='bbox 1269 1481 1334 1565; x_wconf 86' lang='lat' dir='ltr'>slip</span> <span class='ocrx_word' id='word_1_48' title='bbox 1356 1501 1447 1545; x_wconf 89' lang='lat' dir='ltr'>sewn</span> <span class='ocrx_word' id='word_1_49' title='bbox 1471 1488 1508 1544; x_wconf 89' lang='lat' dir='ltr'>to</span> 
     </span>
     <span class='ocr_line' id='line_1_9' title="bbox 445 1597 574 1663; baseline 0.023 -3"><span class='ocrx_word' id='word_1_50' title='bbox 445 1597 502 1662; x_wconf 78' lang='lat' dir='ltr'>fol.</span> <span class='ocrx_word' id='word_1_51' title='bbox 521 1597 574 1663; x_wconf 84' lang='lat'>26.</span> 
     </span>
    </p>
   </div>
   <div class='ocr_carea' id='block_1_4' title="bbox 403 1737 1511 2766">
    <p class='ocr_par' dir='ltr' id='par_1_4' title="bbox 403 1737 1511 2766">
     <span class='ocr_line' id='line_1_10' title="bbox 490 1737 1505 1825; baseline -0.002 -21"><span class='ocrx_word' id='word_1_52' title='bbox 490 1740 555 1804; x_wconf 89' lang='lat' dir='ltr'>Sci.</span> <span class='ocrx_word' id='word_1_53' title='bbox 574 1762 665 1806; x_wconf 91' lang='lat' dir='ltr'>omn.</span> <span class='ocrx_word' id='word_1_54' title='bbox 684 1747 757 1806; x_wconf 88' lang='lat' dir='ltr'>tam</span> <span class='ocrx_word' id='word_1_55' title='bbox 774 1761 860 1825; x_wconf 82' lang='lat' dir='ltr'>pres</span> <span class='ocrx_word' id='word_1_56' title='bbox 878 1761 984 1825; x_wconf 89' lang='lat' dir='ltr'>quam</span> <span class='ocrx_word' id='word_1_57' title='bbox 1002 1740 1066 1805; x_wconf 85' lang='lat' dir='ltr'>fut.</span> <span class='ocrx_word' id='word_1_58' title='bbox 1080 1739 1173 1824; x_wconf 90' lang='lat' dir='ltr'>quod</span> <span class='ocrx_word' id='word_1_59' title='bbox 1190 1760 1252 1824; x_wconf 87' lang='lat' dir='ltr'>ego</span> <span class='ocrx_word' id='word_1_60' title='bbox 1268 1739 1444 1803; x_wconf 88' lang='lat' dir='ltr'>Aldelinus</span> <span class='ocrx_word' id='word_1_61' title='bbox 1460 1737 1505 1802; x_wconf 89' lang='lat' dir='ltr'>fil.</span> 
     </span>
     <span class='ocr_line' id='line_1_11' title="bbox 404 1843 1507 1928; baseline 0 -21"><span class='ocrx_word' id='word_1_62' title='bbox 404 1843 477 1909; x_wconf 93' lang='lat' dir='ltr'>Ric.</span> <span class='ocrx_word' id='word_1_63' title='bbox 503 1844 623 1909; x_wconf 88' lang='lat' dir='ltr'>Lemet</span> <span class='ocrx_word' id='word_1_64' title='bbox 648 1844 738 1920; x_wconf 88' lang='lat' dir='ltr'>dedi,</span> <span class='ocrx_word' id='word_1_65' title='bbox 763 1866 869 1919; x_wconf 79' lang='lat' dir='ltr'>conc..</span> <span class='ocrx_word' id='word_1_66' title='bbox 895 1846 986 1909; x_wconf 86' lang='lat' dir='ltr'>eth.</span> <span class='ocrx_word' id='word_1_67' title='bbox 1012 1865 1045 1928; x_wconf 89' lang='lat' dir='ltr'>p.</span> <span class='ocrx_word' id='word_1_68' title='bbox 1071 1865 1099 1908; x_wconf 89' lang='lat' dir='ltr'>c.</span> <span class='ocrx_word' id='word_1_69' title='bbox 1125 1865 1170 1908; x_wconf 90' lang='lat' dir='ltr'>m.</span> <span class='ocrx_word' id='word_1_70' title='bbox 1196 1844 1285 1908; x_wconf 85' lang='lat' dir='ltr'>conf.</span> <span class='ocrx_word' id='word_1_71' title='bbox 1312 1843 1442 1908; x_wconf 83' lang='lat' dir='ltr'>Rob&#39;to</span> <span class='ocrx_word' id='word_1_72' title='bbox 1465 1843 1507 1907; x_wconf 93' lang='lat' dir='ltr'>de</span> 
     </span>
     <span class='ocr_line' id='line_1_12' title="bbox 404 1947 1508 2033; baseline 0 -21"><span class='ocrx_word' id='word_1_73' title='bbox 404 1947 570 2013; x_wconf 88' lang='lat' dir='ltr'>Midelton</span> <span class='ocrx_word' id='word_1_74' title='bbox 608 1970 688 2014; x_wconf 93' lang='lat' dir='ltr'>cum</span> <span class='ocrx_word' id='word_1_75' title='bbox 718 1970 831 2014; x_wconf 89' lang='lat' dir='ltr'>sorore</span> <span class='ocrx_word' id='word_1_76' title='bbox 862 1971 938 2014; x_wconf 89' lang='lat' dir='ltr'>mea</span> <span class='ocrx_word' id='word_1_77' title='bbox 970 1951 1004 2014; x_wconf 93' lang='lat' dir='ltr'>in</span> <span class='ocrx_word' id='word_1_78' title='bbox 1037 1949 1144 2013; x_wconf 83' lang='lat' dir='ltr'>libero</span> <span class='ocrx_word' id='word_1_79' title='bbox 1175 1948 1367 2033; x_wconf 86' lang='lat' dir='ltr'>maritagi0‚</span> <span class='ocrx_word' id='word_1_80' title='bbox 1400 1969 1508 2013; x_wconf 91' lang='lat' dir='ltr'>vnum</span> 
     </span>
     <span class='ocr_line' id='line_1_13' title="bbox 404 2053 1507 2138; baseline -0.002 -20"><span class='ocrx_word' id='word_1_81' title='bbox 404 2054 534 2118; x_wconf 85' lang='lat' dir='ltr'>toftum</span> <span class='ocrx_word' id='word_1_82' title='bbox 561 2054 655 2138; x_wconf 91' lang='lat' dir='ltr'>quod</span> <span class='ocrx_word' id='word_1_83' title='bbox 682 2054 771 2119; x_wconf 89' lang='lat' dir='ltr'>iacet</span> <span class='ocrx_word' id='word_1_84' title='bbox 800 2055 888 2119; x_wconf 88' lang='lat' dir='ltr'>inter</span> <span class='ocrx_word' id='word_1_85' title='bbox 915 2054 1046 2120; x_wconf 87' lang='lat' dir='ltr'>toftum</span> <span class='ocrx_word' id='word_1_86' title='bbox 1074 2054 1149 2117; x_wconf 86' lang='lat' dir='ltr'>Elie</span> <span class='ocrx_word' id='word_1_87' title='bbox 1176 2053 1286 2117; x_wconf 89' lang='lat' dir='ltr'>cleriei</span> <span class='ocrx_word' id='word_1_88' title='bbox 1315 2059 1350 2116; x_wconf 90' lang='lat' dir='ltr'>et</span> <span class='ocrx_word' id='word_1_89' title='bbox 1378 2053 1507 2117; x_wconf 79' lang='lat' dir='ltr'>tostum</span> 
     </span>
     <span class='ocr_line' id='line_1_14' title="bbox 404 2157 1507 2242; baseline -0.001 -20"><span class='ocrx_word' id='word_1_90' title='bbox 404 2157 534 2222; x_wconf 87' lang='lat' dir='ltr'>Warini</span> <span class='ocrx_word' id='word_1_91' title='bbox 564 2158 713 2241; x_wconf 77' lang='lat' dir='ltr'>pistoria,</span> <span class='ocrx_word' id='word_1_92' title='bbox 740 2158 927 2223; x_wconf 84' lang='lat' dir='ltr'>tenendum</span> <span class='ocrx_word' id='word_1_93' title='bbox 950 2158 993 2222; x_wconf 85' lang='lat' dir='ltr'>de</span> <span class='ocrx_word' id='word_1_94' title='bbox 1016 2179 1071 2224; x_wconf 91' lang='lat' dir='ltr'>me</span> <span class='ocrx_word' id='word_1_95' title='bbox 1095 2165 1129 2223; x_wconf 86' lang='lat' dir='ltr'>et</span> <span class='ocrx_word' id='word_1_96' title='bbox 1154 2159 1223 2222; x_wconf 84' lang='lat' dir='ltr'>her.</span> <span class='ocrx_word' id='word_1_97' title='bbox 1249 2180 1294 2223; x_wconf 92' lang='lat' dir='ltr'>m.</span> <span class='ocrx_word' id='word_1_98' title='bbox 1321 2159 1353 2222; x_wconf 90' lang='lat' dir='ltr'>li.</span> <span class='ocrx_word' id='word_1_99' title='bbox 1378 2158 1507 2242; x_wconf 89' lang='lat' dir='ltr'>etqui.</span> 
     </span>
     <span class='ocr_line' id='line_1_15' title="bbox 405 2261 1509 2346; baseline 0.001 -20"><span class='ocrx_word' id='word_1_100' title='bbox 405 2261 595 2327; x_wconf 90' lang='lat' dir='ltr'>Reddendo</span> <span class='ocrx_word' id='word_1_101' title='bbox 620 2262 723 2327; x_wconf 90' lang='lat' dir='ltr'>michi</span> <span class='ocrx_word' id='word_1_102' title='bbox 751 2264 906 2328; x_wconf 89' lang='lat' dir='ltr'>anuatim</span> <span class='ocrx_word' id='word_1_103' title='bbox 934 2270 969 2327; x_wconf 91' lang='lat' dir='ltr'>et</span> <span class='ocrx_word' id='word_1_104' title='bbox 997 2264 1066 2327; x_wconf 85' lang='lat' dir='ltr'>her.</span> <span class='ocrx_word' id='word_1_105' title='bbox 1096 2285 1141 2328; x_wconf 90' lang='lat' dir='ltr'>m.</span> <span class='ocrx_word' id='word_1_106' title='bbox 1168 2263 1245 2346; x_wconf 78' lang='lat' dir='ltr'>iiij⁰r</span> <span class='ocrx_word' id='word_1_107' title='bbox 1272 2262 1304 2326; x_wconf 95' lang='lat' dir='ltr'>d.</span> <span class='ocrx_word' id='word_1_108' title='bbox 1330 2283 1392 2346; x_wconf 90' lang='lat' dir='ltr'>pro</span> <span class='ocrx_word' id='word_1_109' title='bbox 1416 2263 1509 2327; x_wconf 91' lang='lat' dir='ltr'>omni</span> 
     </span>
     <span class='ocr_line' id='line_1_16' title="bbox 403 2366 1507 2452; baseline 0.002 -22"><span class='ocrx_word' id='word_1_110' title='bbox 403 2366 557 2441; x_wconf 80' lang='lat' dir='ltr'>seruicia,</span> <span class='ocrx_word' id='word_1_111' title='bbox 575 2367 732 2432; x_wconf 81' lang='lat' dir='ltr'>faciendo</span> <span class='ocrx_word' id='word_1_112' title='bbox 748 2368 863 2432; x_wconf 83' lang='lat' dir='ltr'>forins</span> <span class='ocrx_word' id='word_1_113' title='bbox 882 2369 1014 2444; x_wconf 81' lang='lat' dir='ltr'>seruic,</span> <span class='ocrx_word' id='word_1_114' title='bbox 1031 2369 1101 2433; x_wconf 92' lang='lat' dir='ltr'>scil.</span> <span class='ocrx_word' id='word_1_115' title='bbox 1120 2368 1180 2452; x_wconf 86' lang='lat' dir='ltr'>ijd.</span> <span class='ocrx_word' id='word_1_116' title='bbox 1200 2368 1244 2433; x_wconf 91' lang='lat' dir='ltr'>ad</span> <span class='ocrx_word' id='word_1_117' title='bbox 1269 2369 1366 2432; x_wconf 92' lang='lat' dir='ltr'>Pent.</span> <span class='ocrx_word' id='word_1_118' title='bbox 1385 2375 1419 2431; x_wconf 89' lang='lat' dir='ltr'>et</span> <span class='ocrx_word' id='word_1_119' title='bbox 1447 2367 1507 2451; x_wconf 85' lang='lat' dir='ltr'>ijd.</span> 
     </span>
     <span class='ocr_line' id='line_1_17' title="bbox 404 2471 1509 2558; baseline 0.002 -24"><span class='ocrx_word' id='word_1_120' title='bbox 404 2471 449 2535; x_wconf 90' lang='lat' dir='ltr'>ad</span> <span class='ocrx_word' id='word_1_121' title='bbox 467 2471 490 2535; x_wconf 84' lang='lat' dir='ltr'>f.</span> <span class='ocrx_word' id='word_1_122' title='bbox 506 2471 538 2535; x_wconf 87' lang='lat' dir='ltr'>S.</span> <span class='ocrx_word' id='word_1_123' title='bbox 558 2471 602 2536; x_wconf 89' lang='lat' dir='ltr'>M.</span> <span class='ocrx_word' id='word_1_124' title='bbox 649 2473 697 2536; x_wconf 88' lang='lat' dir='ltr'>Et</span> <span class='ocrx_word' id='word_1_125' title='bbox 710 2492 772 2558; x_wconf 84' lang='lat' dir='ltr'>ego</span> <span class='ocrx_word' id='word_1_126' title='bbox 784 2472 905 2537; x_wconf 89' lang='lat' dir='ltr'>Alidel.</span> <span class='ocrx_word' id='word_1_127' title='bbox 920 2479 955 2536; x_wconf 92' lang='lat' dir='ltr'>et</span> <span class='ocrx_word' id='word_1_128' title='bbox 974 2474 1043 2537; x_wconf 91' lang='lat' dir='ltr'>her.</span> <span class='ocrx_word' id='word_1_129' title='bbox 1059 2473 1125 2537; x_wconf 92' lang='lat' dir='ltr'>mei</span> <span class='ocrx_word' id='word_1_130' title='bbox 1139 2493 1217 2536; x_wconf 89' lang='lat' dir='ltr'>war.</span> <span class='ocrx_word' id='word_1_131' title='bbox 1232 2473 1326 2557; x_wconf 90' lang='lat' dir='ltr'>pred.</span> <span class='ocrx_word' id='word_1_132' title='bbox 1343 2472 1456 2536; x_wconf 89' lang='lat' dir='ltr'><strong>Rob’o</strong></span> <span class='ocrx_word' id='word_1_133' title='bbox 1474 2479 1509 2537; x_wconf 89' lang='lat' dir='ltr'>et</span> 
     </span>
     <span class='ocr_line' id='line_1_18' title="bbox 404 2575 1510 2651; baseline 0.001 -12"><span class='ocrx_word' id='word_1_134' title='bbox 404 2575 473 2640; x_wconf 89' lang='lat' dir='ltr'>her.</span> <span class='ocrx_word' id='word_1_135' title='bbox 499 2596 525 2640; x_wconf 83' lang='lat' dir='ltr'>s</span> <span class='ocrx_word' id='word_1_136' title='bbox 551 2582 673 2641; x_wconf 86' lang='lat' dir='ltr'>contra</span> <span class='ocrx_word' id='word_1_137' title='bbox 697 2597 814 2641; x_wconf 90' lang='lat' dir='ltr'>omnes</span> <span class='ocrx_word' id='word_1_138' title='bbox 838 2577 1003 2642; x_wconf 88' lang='lat' dir='ltr'>homines.</span> <span class='ocrx_word' id='word_1_139' title='bbox 1052 2577 1128 2640; x_wconf 92' lang='lat' dir='ltr'>Hiis</span> <span class='ocrx_word' id='word_1_140' title='bbox 1152 2576 1310 2651; x_wconf 86' lang='lat' dir='ltr'>testibus,</span> <span class='ocrx_word' id='word_1_141' title='bbox 1330 2577 1444 2641; x_wconf 86' lang='lat' dir='ltr'>Will&#39;o</span> <span class='ocrx_word' id='word_1_142' title='bbox 1468 2577 1510 2641; x_wconf 91' lang='lat' dir='ltr'>de</span> 
     </span>
     <span class='ocr_line' id='line_1_19' title="bbox 404 2680 1511 2766; baseline 0.003 -23"><span class='ocrx_word' id='word_1_143' title='bbox 404 2680 586 2766; x_wconf 85' lang='lat' dir='ltr'>Bingham,</span> <span class='ocrx_word' id='word_1_144' title='bbox 617 2681 682 2745; x_wconf 91' lang='lat' dir='ltr'>Ad.</span> <span class='ocrx_word' id='word_1_145' title='bbox 713 2682 759 2746; x_wconf 88' lang='lat' dir='ltr'>fil.</span> <span class='ocrx_word' id='word_1_146' title='bbox 790 2682 942 2759; x_wconf 85' lang='lat' dir='ltr'>Hacluit,</span> <span class='ocrx_word' id='word_1_147' title='bbox 971 2682 1070 2746; x_wconf 92' lang='lat' dir='ltr'>Nich.</span> <span class='ocrx_word' id='word_1_148' title='bbox 1096 2682 1141 2746; x_wconf 87' lang='lat' dir='ltr'>fil.</span> <span class='ocrx_word' id='word_1_149' title='bbox 1167 2681 1340 2756; x_wconf 90' lang='lat' dir='ltr'>Thoraldi,</span> <span class='ocrx_word' id='word_1_150' title='bbox 1370 2681 1511 2746; x_wconf 89' lang='lat' dir='ltr'>Warino</span> 
     </span>
    </p>
   </div>
   <div class='ocr_carea' id='block_1_5' title="bbox 404 2785 1510 2969">
    <p class='ocr_par' dir='ltr' id='par_1_5' title="bbox 404 2785 1510 2969">
     <span class='ocr_line' id='line_1_20' title="bbox 405 2785 1510 2872; baseline 0 -21"><span class='ocrx_word' id='word_1_151' title='bbox 405 2786 543 2871; x_wconf 90' lang='lat' dir='ltr'>pistore,</span> <span class='ocrx_word' id='word_1_152' title='bbox 590 2787 732 2872; x_wconf 82' lang='lat' dir='ltr'>Steph&#39;o</span> <span class='ocrx_word' id='word_1_153' title='bbox 777 2787 971 2872; x_wconf 74' lang='lat' dir='ltr'>Capellam,</span> <span class='ocrx_word' id='word_1_154' title='bbox 1018 2787 1131 2852; x_wconf 87' lang='lat' dir='ltr'>Will&#39;o</span> <span class='ocrx_word' id='word_1_155' title='bbox 1176 2786 1356 2872; x_wconf 87' lang='lat' dir='ltr'>Godsight,</span> <span class='ocrx_word' id='word_1_156' title='bbox 1396 2785 1510 2851; x_wconf 90' lang='lat' dir='ltr'>Will&#39;o</span> 
     </span>
     <span class='ocr_line' id='line_1_21' title="bbox 404 2893 866 2969; baseline 0 -12"><span class='ocrx_word' id='word_1_157' title='bbox 404 2893 571 2969; x_wconf 87' lang='lat' dir='ltr'>Belward,</span> <span class='ocrx_word' id='word_1_158' title='bbox 592 2899 626 2957; x_wconf 86' lang='lat' dir='ltr'>et</span> <span class='ocrx_word' id='word_1_159' title='bbox 645 2893 764 2957; x_wconf 87' lang='lat' dir='ltr'>multis</span> <span class='ocrx_word' id='word_1_160' title='bbox 783 2893 866 2957; x_wconf 84' lang='lat' dir='ltr'>aliis</span> 
     </span>
    </p>
   </div>
   <div class='ocr_carea' id='block_1_6' title="bbox 428 3072 1485 3157">
    <p class='ocr_par' dir='ltr' id='par_1_6' title="bbox 428 3072 1485 3157">
     <span class='ocr_line' id='line_1_22' title="bbox 428 3072 1485 3157; baseline 0 -20"><span class='ocrx_word' id='word_1_161' title='bbox 428 3072 494 3157; x_wconf 91' lang='lat'>(76)</span> <span class='ocrx_word' id='word_1_162' title='bbox 536 3073 719 3137; x_wconf 65' lang='lat' dir='ltr'>sennenn</span> <span class='ocrx_word' id='word_1_163' title='bbox 746 3090 794 3136; x_wconf 76' lang='lat' dir='ltr'>na</span> <span class='ocrx_word' id='word_1_164' title='bbox 818 3090 945 3137; x_wconf 83' lang='lat' dir='ltr'><strong>EODEM</strong></span> <span class='ocrx_word' id='word_1_165' title='bbox 971 3075 1028 3156; x_wconf 88' lang='lat' dir='ltr'>(sc.</span> <span class='ocrx_word' id='word_1_166' title='bbox 1053 3073 1181 3138; x_wconf 92' lang='lat' dir='ltr'>lumine</span> <span class='ocrx_word' id='word_1_167' title='bbox 1205 3074 1324 3138; x_wconf 87' lang='lat' dir='ltr'>tumbe</span> <span class='ocrx_word' id='word_1_168' title='bbox 1348 3072 1380 3136; x_wconf 87' lang='lat' dir='ltr'>S.</span> <span class='ocrx_word' id='word_1_169' title='bbox 1405 3072 1485 3155; x_wconf 85' lang='lat' dir='ltr'>W.).</span> 
     </span>
    </p>
   </div>
   <div class='ocr_carea' id='block_1_7' title="bbox 404 3214 1517 4870">
    <p class='ocr_par' dir='ltr' id='par_1_7' title="bbox 404 3214 1517 4870">
     <span class='ocr_line' id='line_1_23' title="bbox 491 3214 1509 3301; baseline 0 -23"><span class='ocrx_word' id='word_1_170' title='bbox 491 3216 568 3280; x_wconf 93' lang='lat' dir='ltr'>Hoc</span> <span class='ocrx_word' id='word_1_171' title='bbox 594 3215 761 3298; x_wconf 89' lang='lat' dir='ltr'>scriptum</span> <span class='ocrx_word' id='word_1_172' title='bbox 788 3216 1019 3301; x_wconf 81' lang='lat' dir='ltr'>cyrograffum</span> <span class='ocrx_word' id='word_1_173' title='bbox 1047 3222 1197 3280; x_wconf 90' lang='lat' dir='ltr'>testatur</span> <span class='ocrx_word' id='word_1_174' title='bbox 1227 3216 1320 3298; x_wconf 92' lang='lat' dir='ltr'>quod</span> <span class='ocrx_word' id='word_1_175' title='bbox 1349 3214 1434 3300; x_wconf 85' lang='lat' dir='ltr'><strong>Rog’</strong></span> <span class='ocrx_word' id='word_1_176' title='bbox 1468 3215 1509 3279; x_wconf 83' lang='lat' dir='ltr'>de</span> 
     </span>
     <span class='ocr_line' id='line_1_24' title="bbox 404 3317 1509 3402; baseline -0.002 -19"><span class='ocrx_word' id='word_1_177' title='bbox 404 3319 505 3394; x_wconf 83' lang='lat' dir='ltr'>Caue,</span> <span class='ocrx_word' id='word_1_178' title='bbox 541 3319 757 3402; x_wconf 74' lang='lat' dir='ltr'>Capellanus</span> <span class='ocrx_word' id='word_1_179' title='bbox 792 3326 908 3384; x_wconf 87' lang='lat' dir='ltr'>custos</span> <span class='ocrx_word' id='word_1_180' title='bbox 941 3320 1080 3384; x_wconf 90' lang='lat' dir='ltr'>luminis</span> <span class='ocrx_word' id='word_1_181' title='bbox 1111 3320 1231 3385; x_wconf 91' lang='lat' dir='ltr'>tumbe</span> <span class='ocrx_word' id='word_1_182' title='bbox 1263 3318 1328 3383; x_wconf 80' lang='lat' dir='ltr'>S&#39;ci</span> <span class='ocrx_word' id='word_1_183' title='bbox 1362 3317 1509 3382; x_wconf 83' lang='lat' dir='ltr'>Wilfridi</span> 
     </span>
     <span class='ocr_line' id='line_1_25' title="bbox 405 3422 1510 3509; baseline -0.003 -20"><span class='ocrx_word' id='word_1_184' title='bbox 405 3424 544 3509; x_wconf 90' lang='lat' dir='ltr'>Ripon&#39;,</span> <span class='ocrx_word' id='word_1_185' title='bbox 569 3444 611 3487; x_wconf 85' lang='lat' dir='ltr'>ex</span> <span class='ocrx_word' id='word_1_186' title='bbox 634 3423 816 3488; x_wconf 86' lang='lat' dir='ltr'>voluntate</span> <span class='ocrx_word' id='word_1_187' title='bbox 840 3429 875 3487; x_wconf 93' lang='lat' dir='ltr'>et</span> <span class='ocrx_word' id='word_1_188' title='bbox 900 3444 1070 3488; x_wconf 87' lang='lat' dir='ltr'>concensu</span> <span class='ocrx_word' id='word_1_189' title='bbox 1096 3424 1245 3509; x_wconf 79' lang='lat' dir='ltr'>Capituli</span> <span class='ocrx_word' id='word_1_190' title='bbox 1271 3424 1337 3488; x_wconf 86' lang='lat' dir='ltr'>S’ci</span> <span class='ocrx_word' id='word_1_191' title='bbox 1363 3422 1510 3487; x_wconf 87' lang='lat' dir='ltr'>Wilfridi</span> 
     </span>
     <span class='ocr_line' id='line_1_26' title="bbox 404 3528 1510 3614; baseline -0.001 -22"><span class='ocrx_word' id='word_1_192' title='bbox 404 3529 470 3595; x_wconf 93' lang='lat' dir='ltr'>loci</span> <span class='ocrx_word' id='word_1_193' title='bbox 487 3528 645 3614; x_wconf 76' lang='lat' dir='ltr'><strong>predicti,</strong></span> <span class='ocrx_word' id='word_1_194' title='bbox 659 3528 827 3593; x_wconf 82' lang='lat' dir='ltr'>concessit</span> <span class='ocrx_word' id='word_1_195' title='bbox 840 3534 875 3592; x_wconf 85' lang='lat' dir='ltr'>et</span> <span class='ocrx_word' id='word_1_196' title='bbox 893 3550 925 3612; x_wconf 91' lang='lat' dir='ltr'>p.</span> <span class='ocrx_word' id='word_1_197' title='bbox 940 3550 968 3593; x_wconf 94' lang='lat' dir='ltr'>c.</span> <span class='ocrx_word' id='word_1_198' title='bbox 984 3529 1073 3593; x_wconf 86' lang='lat' dir='ltr'>conf.</span> <span class='ocrx_word' id='word_1_199' title='bbox 1089 3528 1238 3593; x_wconf 86' lang='lat' dir='ltr'>Patricio</span> <span class='ocrx_word' id='word_1_200' title='bbox 1256 3528 1298 3592; x_wconf 92' lang='lat' dir='ltr'>de</span> <span class='ocrx_word' id='word_1_201' title='bbox 1316 3528 1510 3602; x_wconf 80' lang='lat' dir='ltr'>Braierton,</span> 
     </span>
     <span class='ocr_line' id='line_1_27' title="bbox 405 3631 1512 3717; baseline 0 -21"><span class='ocrx_word' id='word_1_202' title='bbox 405 3632 537 3707; x_wconf 81' lang='lat' dir='ltr'>clerice,</span> <span class='ocrx_word' id='word_1_203' title='bbox 569 3638 682 3697; x_wconf 90' lang='lat' dir='ltr'>totam</span> <span class='ocrx_word' id='word_1_204' title='bbox 714 3638 840 3697; x_wconf 89' lang='lat' dir='ltr'>terram</span> <span class='ocrx_word' id='word_1_205' title='bbox 871 3632 965 3697; x_wconf 90' lang='lat' dir='ltr'>illam</span> <span class='ocrx_word' id='word_1_206' title='bbox 996 3654 1075 3697; x_wconf 92' lang='lat' dir='ltr'>cum</span> <span class='ocrx_word' id='word_1_207' title='bbox 1105 3640 1192 3717; x_wconf 89' lang='lat' dir='ltr'>pert.</span> <span class='ocrx_word' id='word_1_208' title='bbox 1219 3633 1254 3697; x_wconf 90' lang='lat' dir='ltr'>in</span> <span class='ocrx_word' id='word_1_209' title='bbox 1287 3631 1412 3716; x_wconf 85' lang='lat' dir='ltr'>Ripon’</span> <span class='ocrx_word' id='word_1_210' title='bbox 1444 3652 1512 3716; x_wconf 92' lang='lat' dir='ltr'>que</span> 
     </span>
     <span class='ocr_line' id='line_1_28' title="bbox 404 3736 1513 3822; baseline -0.003 -20"><span class='ocrx_word' id='word_1_211' title='bbox 404 3737 493 3802; x_wconf 89' lang='lat' dir='ltr'>iacet</span> <span class='ocrx_word' id='word_1_212' title='bbox 519 3743 610 3801; x_wconf 88' lang='lat' dir='ltr'>retro</span> <span class='ocrx_word' id='word_1_213' title='bbox 635 3736 746 3801; x_wconf 91' lang='lat' dir='ltr'>curias</span> <span class='ocrx_word' id='word_1_214' title='bbox 771 3736 860 3801; x_wconf 86' lang='lat' dir='ltr'>inter</span> <span class='ocrx_word' id='word_1_215' title='bbox 886 3743 1013 3801; x_wconf 90' lang='lat' dir='ltr'>terram</span> <span class='ocrx_word' id='word_1_216' title='bbox 1038 3737 1132 3822; x_wconf 93' lang='lat' dir='ltr'>pred.</span> <span class='ocrx_word' id='word_1_217' title='bbox 1160 3736 1299 3801; x_wconf 89' lang='lat' dir='ltr'>Patricii</span> <span class='ocrx_word' id='word_1_218' title='bbox 1325 3743 1359 3800; x_wconf 88' lang='lat' dir='ltr'>et</span> <span class='ocrx_word' id='word_1_219' title='bbox 1385 3743 1513 3801; x_wconf 89' lang='lat' dir='ltr'>terram</span> 
     </span>
     <span class='ocr_line' id='line_1_29' title="bbox 404 3839 1510 3926; baseline -0.004 -19"><span class='ocrx_word' id='word_1_220' title='bbox 404 3842 581 3926; x_wconf 89' lang='lat' dir='ltr'>quondam</span> <span class='ocrx_word' id='word_1_221' title='bbox 608 3841 764 3925; x_wconf 85' lang='lat' dir='ltr'>Hugonis</span> <span class='ocrx_word' id='word_1_222' title='bbox 790 3840 975 3925; x_wconf 87' lang='lat' dir='ltr'>Capellani,</span> <span class='ocrx_word' id='word_1_223' title='bbox 1004 3841 1162 3905; x_wconf 91' lang='lat' dir='ltr'>Habend.</span> <span class='ocrx_word' id='word_1_224' title='bbox 1190 3847 1224 3904; x_wconf 90' lang='lat' dir='ltr'>et</span> <span class='ocrx_word' id='word_1_225' title='bbox 1251 3840 1388 3904; x_wconf 90' lang='lat' dir='ltr'>tenend.</span> <span class='ocrx_word' id='word_1_226' title='bbox 1417 3839 1510 3923; x_wconf 91' lang='lat' dir='ltr'>pred.</span> 
     </span>
     <span class='ocr_line' id='line_1_30' title="bbox 406 3945 1514 4030; baseline -0.003 -19"><span class='ocrx_word' id='word_1_227' title='bbox 406 3946 555 4011; x_wconf 86' lang='lat' dir='ltr'>Patricio</span> <span class='ocrx_word' id='word_1_228' title='bbox 578 3951 613 4010; x_wconf 89' lang='lat' dir='ltr'>et</span> <span class='ocrx_word' id='word_1_229' title='bbox 637 3946 705 4009; x_wconf 91' lang='lat' dir='ltr'>her.</span> <span class='ocrx_word' id='word_1_230' title='bbox 730 3966 756 4009; x_wconf 79' lang='lat' dir='ltr'>s,</span> <span class='ocrx_word' id='word_1_231' title='bbox 781 3946 837 4009; x_wconf 87' lang='lat' dir='ltr'>vel</span> <span class='ocrx_word' id='word_1_232' title='bbox 859 3966 976 4010; x_wconf 89' lang='lat' dir='ltr'>eorum</span> <span class='ocrx_word' id='word_1_233' title='bbox 1001 3946 1192 4030; x_wconf 86' lang='lat' dir='ltr'>assignatis,</span> <span class='ocrx_word' id='word_1_234' title='bbox 1217 3945 1249 4009; x_wconf 93' lang='lat' dir='ltr'>li.</span> <span class='ocrx_word' id='word_1_235' title='bbox 1274 3945 1344 4029; x_wconf 89' lang='lat' dir='ltr'>qui.</span> <span class='ocrx_word' id='word_1_236' title='bbox 1370 3946 1455 4009; x_wconf 96' lang='lat' dir='ltr'>bene</span> <span class='ocrx_word' id='word_1_237' title='bbox 1479 3950 1514 4008; x_wconf 92' lang='lat' dir='ltr'>et</span> 
     </span>
     <span class='ocr_line' id='line_1_31' title="bbox 406 4049 1515 4135; baseline -0.003 -20"><span class='ocrx_word' id='word_1_238' title='bbox 406 4052 440 4115; x_wconf 91' lang='lat' dir='ltr'>in</span> <span class='ocrx_word' id='word_1_239' title='bbox 457 4071 541 4135; x_wconf 89' lang='lat' dir='ltr'>pace</span> <span class='ocrx_word' id='word_1_240' title='bbox 558 4050 594 4114; x_wconf 90' lang='lat' dir='ltr'>in</span> <span class='ocrx_word' id='word_1_241' title='bbox 610 4071 717 4134; x_wconf 68' lang='lat' dir='ltr'>perp.5</span> <span class='ocrx_word' id='word_1_242' title='bbox 737 4050 927 4115; x_wconf 90' lang='lat' dir='ltr'>Reddendo</span> <span class='ocrx_word' id='word_1_243' title='bbox 943 4051 1023 4115; x_wconf 89' lang='lat' dir='ltr'>inde</span> <span class='ocrx_word' id='word_1_244' title='bbox 1040 4071 1100 4134; x_wconf 90' lang='lat' dir='ltr'>per</span> <span class='ocrx_word' id='word_1_245' title='bbox 1117 4071 1246 4115; x_wconf 86' lang='lat' dir='ltr'>annum</span> <span class='ocrx_word' id='word_1_246' title='bbox 1265 4049 1399 4134; x_wconf 86' lang='lat' dir='ltr'>Rogero</span> <span class='ocrx_word' id='word_1_247' title='bbox 1415 4049 1515 4112; x_wconf 83' lang='lat' dir='ltr'>fabro</span> 
     </span>
     <span class='ocr_line' id='line_1_32' title="bbox 406 4152 1513 4239; baseline -0.005 -20"><span class='ocrx_word' id='word_1_248' title='bbox 406 4156 448 4220; x_wconf 94' lang='lat' dir='ltr'>de</span> <span class='ocrx_word' id='word_1_249' title='bbox 470 4155 704 4239; x_wconf 86' lang='lat' dir='ltr'>Staynbrigat.</span> <span class='ocrx_word' id='word_1_250' title='bbox 728 4161 762 4218; x_wconf 90' lang='lat' dir='ltr'>et</span> <span class='ocrx_word' id='word_1_251' title='bbox 784 4156 853 4220; x_wconf 91' lang='lat' dir='ltr'>her.</span> <span class='ocrx_word' id='word_1_252' title='bbox 871 4176 897 4219; x_wconf 89' lang='lat' dir='ltr'>s.</span> <span class='ocrx_word' id='word_1_253' title='bbox 915 4155 962 4238; x_wconf 86' lang='lat' dir='ltr'>jd.</span> <span class='ocrx_word' id='word_1_254' title='bbox 982 4154 1125 4239; x_wconf 83' lang='lat' dir='ltr'>argenti,</span> <span class='ocrx_word' id='word_1_255' title='bbox 1147 4152 1217 4217; x_wconf 89' lang='lat' dir='ltr'>scil.</span> <span class='ocrx_word' id='word_1_256' title='bbox 1240 4152 1249 4236; x_wconf 82' lang='lat' dir='ltr'>j</span> <span class='ocrx_word' id='word_1_257' title='bbox 1270 4154 1324 4216; x_wconf 88' lang='lat' dir='ltr'>ob.</span> <span class='ocrx_word' id='word_1_258' title='bbox 1348 4152 1393 4216; x_wconf 91' lang='lat' dir='ltr'>ad</span> <span class='ocrx_word' id='word_1_259' title='bbox 1414 4152 1513 4215; x_wconf 85' lang='lat' dir='ltr'>Pent.</span> 
     </span>
     <span class='ocr_line' id='line_1_33' title="bbox 406 4255 1513 4342; baseline -0.005 -19"><span class='ocrx_word' id='word_1_260' title='bbox 406 4265 441 4323; x_wconf 90' lang='lat' dir='ltr'>et</span> <span class='ocrx_word' id='word_1_261' title='bbox 456 4258 467 4342; x_wconf 84' lang='lat' dir='ltr'>j</span> <span class='ocrx_word' id='word_1_262' title='bbox 487 4260 541 4323; x_wconf 93' lang='lat' dir='ltr'>ob.</span> <span class='ocrx_word' id='word_1_263' title='bbox 560 4258 604 4322; x_wconf 89' lang='lat' dir='ltr'>ad</span> <span class='ocrx_word' id='word_1_264' title='bbox 620 4259 643 4323; x_wconf 87' lang='lat' dir='ltr'>f.</span> <span class='ocrx_word' id='word_1_265' title='bbox 663 4259 695 4323; x_wconf 76' lang='lat' dir='ltr'>S,</span> <span class='ocrx_word' id='word_1_266' title='bbox 714 4258 758 4323; x_wconf 89' lang='lat' dir='ltr'>M.</span> <span class='ocrx_word' id='word_1_267' title='bbox 776 4260 811 4323; x_wconf 93' lang='lat' dir='ltr'>in</span> <span class='ocrx_word' id='word_1_268' title='bbox 831 4260 964 4342; x_wconf 84' lang='lat' dir='ltr'>hyeme.</span> <span class='ocrx_word' id='word_1_269' title='bbox 1012 4259 1059 4321; x_wconf 89' lang='lat' dir='ltr'>Et</span> <span class='ocrx_word' id='word_1_270' title='bbox 1076 4255 1205 4321; x_wconf 86' lang='lat' dir='ltr'>Simoni</span> <span class='ocrx_word' id='word_1_271' title='bbox 1223 4255 1375 4319; x_wconf 89' lang='lat' dir='ltr'>Herman</span> <span class='ocrx_word' id='word_1_272' title='bbox 1392 4260 1427 4318; x_wconf 85' lang='lat' dir='ltr'>et</span> <span class='ocrx_word' id='word_1_273' title='bbox 1444 4255 1513 4318; x_wconf 90' lang='lat' dir='ltr'>her.</span> 
     </span>
     <span class='ocr_line' id='line_1_34' title="bbox 408 4358 1513 4449; baseline -0.007 -20"><span class='ocrx_word' id='word_1_274' title='bbox 408 4384 433 4429; x_wconf 78' lang='lat' dir='ltr'>s,</span> <span class='ocrx_word' id='word_1_275' title='bbox 453 4385 561 4429; x_wconf 91' lang='lat' dir='ltr'>vnum</span> <span class='ocrx_word' id='word_1_276' title='bbox 580 4364 758 4429; x_wconf 90' lang='lat' dir='ltr'>denarium</span> <span class='ocrx_word' id='word_1_277' title='bbox 778 4364 910 4449; x_wconf 83' lang='lat' dir='ltr'>argenti</span> <span class='ocrx_word' id='word_1_278' title='bbox 929 4363 973 4427; x_wconf 89' lang='lat' dir='ltr'>ad</span> <span class='ocrx_word' id='word_1_279' title='bbox 992 4361 1129 4425; x_wconf 89' lang='lat' dir='ltr'>eosdem</span> <span class='ocrx_word' id='word_1_280' title='bbox 1148 4360 1312 4424; x_wconf 88' lang='lat' dir='ltr'>terminos</span> <span class='ocrx_word' id='word_1_281' title='bbox 1331 4358 1513 4442; x_wconf 78' lang='lat' dir='ltr'>predictos,</span> 
     </span>
     <span class='ocr_line' id='line_1_35' title="bbox 409 4461 1513 4551; baseline -0.005 -20"><span class='ocrx_word' id='word_1_282' title='bbox 409 4467 455 4531; x_wconf 88' lang='lat' dir='ltr'>Et</span> <span class='ocrx_word' id='word_1_283' title='bbox 472 4468 607 4533; x_wconf 88' lang='lat' dir='ltr'>custodi</span> <span class='ocrx_word' id='word_1_284' title='bbox 625 4468 762 4533; x_wconf 89' lang='lat' dir='ltr'>luminis</span> <span class='ocrx_word' id='word_1_285' title='bbox 780 4469 913 4551; x_wconf 85' lang='lat' dir='ltr'>prefate</span> <span class='ocrx_word' id='word_1_286' title='bbox 931 4466 1051 4530; x_wconf 91' lang='lat' dir='ltr'>tumbe</span> <span class='ocrx_word' id='word_1_287' title='bbox 1069 4464 1129 4548; x_wconf 91' lang='lat' dir='ltr'>qui</span> <span class='ocrx_word' id='word_1_288' title='bbox 1147 4483 1209 4546; x_wconf 90' lang='lat' dir='ltr'>pro</span> <span class='ocrx_word' id='word_1_289' title='bbox 1227 4468 1381 4545; x_wconf 89' lang='lat' dir='ltr'>tempore</span> <span class='ocrx_word' id='word_1_290' title='bbox 1399 4461 1513 4536; x_wconf 83' lang='lat' dir='ltr'>fuerit,</span> 
     </span>
     <span class='ocr_line' id='line_1_36' title="bbox 409 4565 1516 4657; baseline -0.005 -23"><span class='ocrx_word' id='word_1_291' title='bbox 409 4592 459 4635; x_wconf 92' lang='lat' dir='ltr'>vs.</span> <span class='ocrx_word' id='word_1_292' title='bbox 487 4572 618 4657; x_wconf 83' lang='lat' dir='ltr'>argenti</span> <span class='ocrx_word' id='word_1_293' title='bbox 645 4572 689 4636; x_wconf 91' lang='lat' dir='ltr'>ad</span> <span class='ocrx_word' id='word_1_294' title='bbox 716 4572 880 4637; x_wconf 89' lang='lat' dir='ltr'>terminos</span> <span class='ocrx_word' id='word_1_295' title='bbox 907 4568 1079 4654; x_wconf 89' lang='lat' dir='ltr'>predictos</span> <span class='ocrx_word' id='word_1_296' title='bbox 1106 4587 1168 4650; x_wconf 90' lang='lat' dir='ltr'>pro</span> <span class='ocrx_word' id='word_1_297' title='bbox 1194 4586 1285 4631; x_wconf 91' lang='lat' dir='ltr'>omn.</span> <span class='ocrx_word' id='word_1_298' title='bbox 1314 4565 1415 4628; x_wconf 89' lang='lat' dir='ltr'>rebus</span> <span class='ocrx_word' id='word_1_299' title='bbox 1442 4565 1516 4629; x_wconf 89' lang='lat' dir='ltr'>aliis</span> 
     </span>
     <span class='ocr_line' id='line_1_37' title="bbox 411 4667 1517 4760; baseline -0.005 -22"><span class='ocrx_word' id='word_1_300' title='bbox 411 4675 502 4758; x_wconf 90' lang='lat' dir='ltr'>pred.</span> <span class='ocrx_word' id='word_1_301' title='bbox 550 4682 638 4740; x_wconf 90' lang='lat' dir='ltr'>terre</span> <span class='ocrx_word' id='word_1_302' title='bbox 684 4675 946 4760; x_wconf 86' lang='lat' dir='ltr'>pertinentibus.</span> <span class='ocrx_word' id='word_1_303' title='bbox 996 4670 1173 4735; x_wconf 90' lang='lat' dir='ltr'>Predictus</span> <span class='ocrx_word' id='word_1_304' title='bbox 1219 4690 1300 4735; x_wconf 89' lang='lat' dir='ltr'>uero</span> <span class='ocrx_word' id='word_1_305' title='bbox 1347 4667 1517 4733; x_wconf 86' lang='lat' dir='ltr'>Patricius</span> 
     </span>
     <span class='ocr_line' id='line_1_38' title="bbox 412 4770 1517 4870; baseline -0.005 -28"><span class='ocrx_word' id='word_1_306' title='bbox 412 4780 566 4844; x_wconf 89' lang='lat' dir='ltr'>concedit</span> <span class='ocrx_word' id='word_1_307' title='bbox 580 4802 643 4870; x_wconf 89' lang='lat' dir='ltr'>pro</span> <span class='ocrx_word' id='word_1_308' title='bbox 657 4801 692 4845; x_wconf 88' lang='lat' dir='ltr'>se</span> <span class='ocrx_word' id='word_1_309' title='bbox 708 4786 743 4844; x_wconf 92' lang='lat' dir='ltr'>et</span> <span class='ocrx_word' id='word_1_310' title='bbox 759 4780 828 4842; x_wconf 91' lang='lat' dir='ltr'>her.</span> <span class='ocrx_word' id='word_1_311' title='bbox 845 4799 871 4842; x_wconf 89' lang='lat' dir='ltr'>s.</span> <span class='ocrx_word' id='word_1_312' title='bbox 888 4773 983 4860; x_wconf 89' lang='lat' dir='ltr'>quod</span> <span class='ocrx_word' id='word_1_313' title='bbox 998 4774 1084 4836; x_wconf 90' lang='lat' dir='ltr'>bene</span> <span class='ocrx_word' id='word_1_314' title='bbox 1099 4772 1216 4840; x_wconf 90' lang='lat' dir='ltr'>licebit</span> <span class='ocrx_word' id='word_1_315' title='bbox 1231 4770 1367 4860; x_wconf 81' lang='lat' dir='ltr'>prefato</span> <span class='ocrx_word' id='word_1_316' title='bbox 1381 4771 1517 4836; x_wconf 89' lang='lat' dir='ltr'>custodi</span> 
     </span>
    </p>
   </div>
   <div class='ocr_carea' id='block_1_8' title="bbox 0 0 1993 5625">
    <p class='ocr_par' dir='ltr' id='par_1_8' title="bbox 0 0 1993 5625">
     <span class='ocr_line' id='line_1_39' title="bbox 0 0 1993 5625; baseline 0 0"><span class='ocrx_word' id='word_1_317' title='bbox 0 0 1993 5625; x_wconf 95' lang='lat' dir='ltr'> </span> 
     </span>
    </p>
   </div>
  </div>
 </body>
</html>
