3950 5625
789 716 884 782 Acrs
908 736 953 782 or
977 718 1156 782 Cauarae.
1465 713 1527 795 265

413 914 610 961 marcarum
630 896 684 960 vel
701 896 844 961 alicuius
861 896 1007 981 parcelle
1027 895 1189 970 eiusdem,
1207 916 1266 959 seu
1286 895 1377 958 dicte
1396 914 1528 958 summe

411 999 646 1085 quadraginta
674 1000 862 1065 solidorum
891 1001 1030 1065 nomine
1059 1021 1155 1084 pene,
1186 1005 1248 1064 aut
1277 1000 1367 1064 dicte
1396 1018 1528 1062 summe

410 1106 566 1190 quinque
584 1126 779 1170 marcarum
798 1107 846 1169 sic
859 1106 995 1170 racione
1011 1104 1227 1188 allegacionis
1241 1103 1333 1187 pred.
1350 1123 1523 1167 concessa·

411 1230 501 1286 rum,
522 1209 587 1274 nisi
608 1211 854 1275 tantummodo
874 1209 1149 1294 aoquietanciam
1170 1208 1224 1272 vel
1245 1208 1340 1272 aliud
1360 1208 1527 1292 scripturn

411 1320 557 1398 portans
575 1315 657 1380 Dat.
678 1315 713 1379 in
732 1314 787 1380 do.
808 1315 865 1379 Ca.
886 1314 1098 1398 supradicta.

503 1493 552 1559 Et
573 1494 719 1573 insuper
746 1494 966 1559 concedimus
994 1514 1054 1578 per
1077 1500 1261 1577 presentes,
1287 1493 1380 1578 quod
1408 1492 1435 1555 si
1463 1512 1525 1555 nos
1589 1511 1611 1559 u
1626 1511 1692 1572 tney

411 1597 498 1662 dicti
525 1599 621 1663 Prior
646 1605 681 1662 et
708 1598 908 1663 Conuentus
934 1598 1204 1682 allegauerimus,
1232 1618 1292 1661 seu
1317 1616 1525 1661 successores
1550 1578 1728 1707 lffffiffio

412 1702 522 1766 nostri
549 1703 773 1787 allegauerint
801 1703 953 1788 aliquam
981 1702 1084 1766 aliam
1112 1703 1320 1767 solucionem
1347 1721 1452 1785 quam
1480 1698 1524 1764 ad
1562 1711 1632 1760 nave
1646 1710 1715 1758 been

411 1807 545 1872 dictum
568 1807 677 1872 altare
700 1808 841 1883 iactam,
865 1809 937 1871 siue
960 1807 1100 1891 aliquod
1123 1807 1289 1890 scriptum
1313 1805 1366 1869 vel
1389 1804 1524 1889 acquie-
1538 1779 1621 1892 '¹¹1‘ss
1636 1776 1728 1905 quthai

412 1912 564 1977 tanciam
590 1912 672 1977 alibi
698 1919 840 1996 portans
865 1912 937 1976 dat.
965 1931 1071 1996 quam
1097 1911 1132 1975 in
1157 1910 1252 1974 dicta
1276 1909 1330 1974 do.
1358 1909 1414 1973 Ca.
1442 1907 1521 1972 eccl.
1539 1911 1696 2025 manarat

410 2016 493 2082 Coll.
524 2016 566 2081 de
596 2018 721 2102 Ripon,
752 2018 807 2081 vel
836 2016 976 2102 aliquod
1005 2014 1098 2079 aliud
1127 2035 1188 2098 per
1216 2033 1277 2077 nos
1305 2019 1339 2076 et
1368 2033 1457 2076 succ.
1488 2033 1520 2075 n.
1548 1989 1728 2107 affi’tffl

411 2121 599 2206 allegatum
645 2122 700 2186 vel
747 2121 964 2206 allegandum
1012 2119 1115 2182 fuerit
1162 2119 1195 2182 in
1242 2118 1522 2182 exoneracionem
1538 2108 1728 2224 busslffffirfh‘

410 2227 594 2292 solucionis
630 2227 715 2292 dicti
752 2226 857 2291 annui
894 2225 1049 2290 redditus
1085 2223 1203 2287 decern
1239 2243 1432 2287 marcarum
1469 2220 1522 2285 vel
1572 2191 1664 2298 nouie,
1679 2241 1702 2290 it

411 2331 555 2396 alicuius
580 2331 726 2416 parcelle
752 2330 904 2395 eiusdem
930 2335 992 2394 aut
1019 2328 1161 2393 alicuius
1186 2328 1330 2411 parcelle
1356 2347 1522 2411 penarum
1535 2311 1604 2359 ⁵¹¹²¹¹
1626 2309 1659 2357 [ω
1679 2308 1725 2357 ¹¹⁰¹

1565 2378 1620 2426 and
1634 2374 1708 2425 void.

412 2436 656 2520 predictarum,
677 2457 827 2501 vacuum
846 2436 891 2499 sit
909 2441 944 2499 et
963 2433 1089 2498 nullius
1108 2433 1243 2517 vigoris.

502 2618 602 2682 Etsi
625 2617 820 2695 contingat,
844 2614 938 2699 quod
966 2613 1067 2687 absit,
1097 2613 1191 2696 quod
1218 2633 1280 2676 nos
1313 2611 1396 2676 dicti
1428 2611 1524 2675 Prior
1557 2617 1580 2664 [f
1593 2616 1661 2678 they
1677 2615 1723 2663 ran

411 2725 447 2783 et
464 2719 664 2784 Conuentus
681 2740 741 2784 seu
758 2739 967 2784 successores
984 2717 1050 2781 n’ri
1068 2717 1300 2793 defecerimus,
1320 2724 1381 2781 aut
1400 2716 1522 2801 aliquis
1538 2682 1728 2812 t⁰a,}}{{'t{h{³

411 2831 569 2890 nostrum
608 2826 770 2889 defecerit
809 2825 843 2889 in
881 2824 1054 2888 solucione
1092 2823 1185 2906 pred.
1225 2822 1330 2887 annui
1369 2821 1523 2886 redditus
1546 2817 1728 2933 qistraiuton

411 2929 530 2993 decem
552 2949 757 3005 marcarum,
782 2929 837 2992 vel
860 2928 1002 2992 alieuius
1025 2926 1170 3011 parcelle
1193 2927 1344 2992 eiusdem
1367 2927 1411 2991 ad
1435 2927 1523 2992 festa
1548 2898 1728 3002 oieireiils‘igflr

412 3033 567 3117 predicta
589 3041 623 3097 et
646 3054 706 3118 per
726 3034 879 3118 quinque
900 3032 1112 3116 septimanas
1133 3039 1212 3116 post
1234 3032 1374 3117 aliquod
1396 3032 1522 3097 festum

412 3138 702 3221 prenominatum,
728 3159 788 3203 seu
820 3137 854 3201 in
886 3136 1058 3201 solucione
1090 3136 1261 3201 dictorum
1293 3137 1523 3222 quadraginta

413 3240 599 3306 solidorum
633 3241 770 3305 nomine
804 3262 890 3325 pene
923 3262 1175 3315 concessorum,
1202 3242 1257 3306 vel
1289 3242 1323 3306 in
1351 3242 1523 3307 solucione

413 3346 566 3432 quinque
585 3366 778 3411 marcarum
799 3347 933 3411 racione
953 3346 1168 3432 allegacionis
1187 3347 1339 3431 predicte
1359 3347 1392 3412 in
1413 3346 1523 3413 forma

413 3450 568 3534 predicta
583 3470 831 3527 concessarum,
849 3457 977 3516 extunc
993 3452 1079 3516 bene
1095 3451 1196 3516 liceat
1213 3452 1347 3536 prefato
1363 3452 1523 3539 Capitulo

412 3552 491 3619 eccl.
510 3553 592 3618 Coll.
611 3554 762 3637 predicte
779 3562 814 3619 et
830 3576 919 3621 succ.
937 3579 962 3621 s.
982 3556 1017 3621 in
1033 3558 1186 3621 manerio
1202 3558 1276 3622 n'ro
1292 3558 1335 3622 de
1351 3558 1522 3625 Ledeston

412 3679 490 3722 cum
505 3664 591 3743 pert.
607 3680 633 3723 s.
649 3658 777 3723 intrare
790 3667 824 3723 et
838 3660 872 3724 in
885 3663 1005 3728 eodem
1017 3665 1229 3751 distringere,
1241 3673 1276 3730 et
1289 3667 1522 3733 districciones

411 3761 459 3828 sic
481 3770 602 3847 captas
625 3763 804 3840 abducere,
829 3766 989 3852 effugare,
1014 3769 1069 3834 vel
1092 3778 1279 3855 asportare,
1304 3779 1338 3836 et
1361 3794 1464 3858 penes
1486 3795 1522 3838 se

412 3870 566 3944 retinere,
579 3889 758 3954 quousque
769 3868 833 3934 sibi
847 3871 889 3934 de
903 3872 1082 3958 arreragiis
1095 3875 1240 3958 predicti
1251 3877 1357 3942 annui
1368 3878 1522 3943 redditus

412 3974 529 4039 decem
549 3993 742 4038 marcarum
763 3979 797 4037 et
817 3974 859 4038 de
879 3976 973 4041 dicta
992 3998 1130 4042 summa
1149 3980 1380 4066 quadraginta
1398 3982 1521 4047 solido-

412 4098 487 4143 rum
509 4078 647 4142 nomine
669 4099 765 4161 pene,
784 4100 824 4142 ac
845 4101 980 4145 summa
996 4081 1148 4166 quinque
1170 4104 1362 4150 marcarum
1384 4087 1521 4151 nomine

412 4182 626 4268 allegacionis
655 4182 689 4245 in
719 4181 829 4246 forma
854 4184 1010 4267 predicta
1034 4206 1281 4264 concessarum,
1308 4196 1343 4253 et
1371 4190 1520 4274 plenarie

412 4286 515 4350 luerit
534 4286 754 4350 satisfactum
774 4292 808 4349 et
828 4288 1042 4371 persolutum
1062 4290 1107 4354 ad
1126 4291 1234 4355 altare
1253 4293 1456 4376 predictum.

499 4465 547 4530 Et
582 4467 613 4530 si
649 4464 784 4529 dictum
817 4464 874 4529 Ca.
908 4468 987 4531 eccl.
1028 4467 1102 4532 coll.
1135 4425 1231 4551 pred.
1271 4491 1331 4536 seu
1369 4493 1457 4538 succ.
1491 4496 1517 4541 s.
1591 4480 1616 4529 ll
1629 4482 1676 4531 the

410 4567 581 4631 voluerint
596 4567 631 4631 in
647 4567 803 4630 futurum
819 4568 944 4633 habere
960 4576 1153 4654 presentem
1168 4579 1300 4638 cartam
1316 4584 1519 4645 renouatam
1550 4547 1714 4677 cpppttqqqt

410 4677 445 4734 et
479 4671 521 4734 de
554 4691 646 4735 nouo
680 4668 864 4752 sigillatam
899 4680 1040 4758 propter
1073 4673 1287 4742 debilitatem
1321 4701 1380 4745 seu
1415 4681 1518 4749 aliam
1531 4681 1599 4729 wish
1612 4686 1643 4731 to
1660 4684 1728 4734 have

411 4795 550 4841 causam
563 4772 788 4839 necessariam
801 4797 1054 4862 quamcunque,
1068 4776 1152 4840 dicti
1166 4778 1261 4845 Prior
1272 4790 1307 4847 et
1320 4784 1518 4852 Conuentus
1531 4748 1728 4869 ῐζῖζζέἒῖἓζᾏ
