3950 5625
720 718 814 784 Aers
837 736 882 783 or
906 719 1085 784 Cunerum
1394 713 1458 798 289

346 921 409 972 100
422 927 455 971 v.
500 896 587 981 (364)
614 898 800 963 Vrsrrncro
823 898 867 962 M.
891 897 1048 962 Auunuu
1072 896 1254 970 Nswunu,
1279 894 1456 960 Cauou1c1

394 1003 679 1082 RusruuucmmJ
706 1020 848 1067 rinnau.

435 1144 606 1208 Vicesimo
640 1163 732 1207 nono
767 1143 821 1206 die
856 1143 981 1207 mensis
1017 1141 1147 1224 Marcij,
1184 1139 1285 1204 Anno
1319 1138 1458 1202 Domini
1508 1149 1610 1252 M¹5¹¹›

345 1247 490 1312 Mill'mo
513 1247 790 1332 quingentesimo
813 1247 1006 1322 vndecimo,
1032 1246 1066 1310 in
1091 1246 1146 1309 do.
1173 1244 1230 1308 Ca.
1257 1243 1347 1307 Eccl.
1374 1241 1456 1307 Coll.
1480 1218 1662 1319 Mf,³,{'„(²123w

345 1352 485 1435 Ripon’,
524 1352 686 1436 Magister
722 1352 878 1415 Andreas
916 1351 1093 1424 Newman,
1132 1348 1324 1413 Canonicus
1364 1347 1458 1411 Resi-
1492 1337 1661 1453 Jffianin

345 1455 539 1520 denciarius
562 1455 597 1519 in
623 1455 713 1519 Eccl.
740 1454 822 1520 Coll.
849 1455 1015 1539 predicta,
1041 1475 1081 1518 ac
1107 1453 1284 1517 Presidens
1308 1449 1459 1534 Capituli
1482 1418 1637 1533 lerrantia

345 1559 510 1636 eiusdem,
539 1565 574 1624 et
601 1558 799 1643 Capitulum
827 1561 872 1624 ad
899 1566 983 1625 tunc
1011 1558 1139 1622 ibidem
1168 1557 1305 1631 iaciens
1335 1561 1370 1620 et
1398 1575 1459 1639 pro

346 1664 512 1729 tribunali
536 1663 580 1729 ad
604 1664 691 1747 Jura
715 1663 889 1729 reddenda
912 1663 1048 1748 publice
1072 1663 1202 1736 sedens
1227 1661 1262 1725 in
1286 1661 1460 1745 presencia

346 1769 393 1833 M.
422 1768 552 1832 Thorne
580 1768 782 1842 Bakhowse,
812 1767 974 1832 Canonici
1003 1768 1037 1831 in
1066 1766 1161 1831 dicta
1190 1765 1279 1830 Eccl.
1309 1764 1390 1829 Coll.
1421 1786 1460 1829 ac

346 1871 566 1955 Prebendarij
595 1871 768 1955 prebende
793 1871 836 1935 de
862 1872 1094 1956 Stanewigges
1119 1871 1154 1934 in
1180 1869 1311 1944 eadem,
1339 1868 1460 1933 ceteris

345 1996 429 2040 vero
463 1976 643 2041 Canonicis
677 1982 712 2040 et
748 1976 988 2059 Prebendarijs
1023 1977 1057 2039 in
1093 1975 1214 2039 eadem
1249 1974 1339 2039 Eccl.
1377 1972 1459 2037 Coll.

346 2101 408 2165 per
423 2100 540 2145 eorum
555 2086 796 2164 procuratores
812 2101 929 2144 coram
945 2080 1066 2144 eodem
1083 2079 1247 2163 Magistro
1264 2078 1461 2143 Presidente

346 2185 637 2268 comparentibus,
665 2185 757 2248 inter
781 2190 895 2249 cetera
920 2185 1100 2269 proposuit
1125 2182 1240 2267 palam
1266 2188 1301 2245 et
1326 2181 1461 2265 publice
1492 2174 1665 2290 anffiuffi

343 2289 438 2353 idem
462 2289 625 2374 Magister
650 2289 827 2353 Presidens
852 2289 1013 2372 Capituli,
1039 2288 1135 2372 quod
1159 2287 1286 2351 nedum
1310 2286 1461 2350 clamosa
1485 2256 1534 2357 dit
1548 2256 1614 2371 odly
1627 2306 1665 2370 by

345 2393 579 2457 insinuacione
616 2414 656 2457 ac
692 2393 882 2457 multorum
920 2393 1172 2477 fidedignorum
1212 2391 1380 2454 relacione
1417 2389 1461 2454 ad
1494 2374 1662 2490 ffpgifjffi

346 2498 420 2561 eius
433 2496 603 2573 auditum,
618 2517 740 2561 verum
753 2498 862 2561 eciam
876 2498 982 2561 oculis
996 2496 1144 2581 proprijs
1158 2496 1250 2559 clara
1263 2494 1462 2578 aspeccione
1488 2456 1666 2557 oriservation

267 2644 270 2649 -
347 2602 541 2686 peruenerit
562 2601 703 2665 noticia1
725 2602 767 2665 de
788 2603 921 2686 magnis
942 2608 976 2665 et
994 2601 1121 2685 apertis
1140 2598 1461 2683 dilapidacionibus,
1477 2575 1676 2705 hemma

346 2705 621 2781 ruinositatibus‚
642 2705 933 2781 deformitatibus
955 2712 991 2769 et
1011 2705 1202 2790 defectibus
1223 2704 1258 2767 in
1278 2702 1462 2767 mansioni·
1492 2707 1654 2783 'dilapido-¹

346 2811 422 2886 bus,
446 2809 616 2886 domibus,
640 2810 795 2895 edificijs,
820 2818 854 2875 et
878 2811 1083 2875 tenementis
1106 2810 1150 2874 ad
1173 2808 1403 2874 Canonicatus
1425 2814 1459 2872 et
1477 2779 1675 2905 nobrpsspitpkpn

348 2915 538 2998 prebendas
563 2915 598 2979 in
624 2916 718 2979 dicta
744 2916 885 2980 ecclesia
910 2916 1098 3001 Collegiata
1124 2913 1386 2998 pertinentibus
1416 2913 1460 2977 ob
1482 2908 1629 3023 b⁹¹⁰¹¹fii¹¹⁸
1638 2911 1668 2955 to

314 3013 316 3018 ’
348 3018 522 3084 defectum
534 3025 569 3083 et
582 3019 825 3104 necligenciam
839 3020 1090 3084 Canonicorum
1103 3027 1137 3083 et
1152 3017 1461 3083 Prebendariorum
1502 2979 1648 3105 preieiuls,

351 3123 548 3199 eorundem,
590 3144 650 3187 seu
689 3123 805 3187 saltim
845 3145 964 3189 eorum
1004 3124 1244 3198 firmariorum,
1287 3122 1387 3186 lactis
1427 3127 1462 3185 et

349 3228 530 3310 permissis,
550 3228 584 3291 in
601 3233 741 3292 tantum
757 3228 799 3292 de
815 3229 1002 3304 verisimili,
1020 3228 1115 3313 quod
1132 3228 1233 3302 absit,
1253 3226 1342 3290 inira
1358 3227 1462 3290 breue
1495 3273 1657 3323 immediate

350 3339 496 3415 tempus
535 3332 600 3395 nisi
636 3332 740 3396 cicius
776 3334 967 3398 remedium
1005 3339 1218 3417 oportunum
1255 3336 1462 3415 apponatur,
1500 3340 1649 3391 attention.

350 3436 475 3520 prelati
498 3436 703 3511 mansiones,
727 3436 832 3513 domi,
857 3438 1001 3513 edificia,
1026 3443 1062 3501 et
1085 3441 1284 3501 tenementa
1307 3434 1464 3499 funditus

351 3540 485 3604 ruinam
521 3545 556 3603 et
593 3560 692 3605 casus
728 3542 919 3625 pacientur.
968 3541 1043 3626 Que
1079 3541 1220 3626 quidem
1258 3539 1463 3625 mansiones,

350 3643 480 3720 domoS,
511 3643 653 3720 edificia,
683 3650 719 3709 et
748 3651 946 3710 tenementa
975 3645 1092 3709 omnia
1121 3650 1155 3708 et
1184 3643 1328 3729 singula,
1359 3649 1463 3727 prout

350 3748 504 3832 prefatus
520 3748 564 3813 M.
584 3748 762 3813 Presidens
780 3749 825 3813 ad
841 3755 925 3814 tunc
940 3749 1142 3824 declarauit,
1160 3747 1285 3832 prelati
1302 3747 1464 3811 Canonici
1548 3746 1570 3793 's
1573 3746 1606 3794 he
1640 3811 1644 3822 ,

351 3858 385 3916 et
416 3852 635 3935 Prebendarij
670 3874 732 3937 pro
763 3853 976 3937 temporibus
1009 3858 1215 3926 sustentare,
1246 3858 1462 3935 supportare,
1482 3812 1676 3928 pggpeppffioe

351 3956 555 4033 reedificare,
590 3962 625 4021 et
658 3957 773 4021 debite
806 3977 964 4041 reparare
997 3957 1040 4021 de
1073 3957 1158 4040 Jure
1191 3977 1231 4020 ac
1263 3956 1372 4019 eciam
1404 3975 1464 4038 per
1518 3945 1637 4060 {3301ss

350 4066 485 4125 statuta
522 4061 687 4125 canonica
724 4067 759 4125 et
797 4062 1065 4126 consuetudines
1102 4059 1293 4124 laudabiles
1330 4058 1463 4142 prefate
1527 4077 1624 4141 repair.

351 4164 488 4229 ecclesie
533 4164 716 4249 Collegiate
763 4171 925 4230 tenentur
970 4171 1006 4229 et
1051 4163 1258 4248 obligantur.
1332 4161 1463 4227 Idcirco
1477 4143 1675 4259 offitia

351 4268 505 4352 prefatus
529 4269 573 4333 M.
598 4269 775 4332 Presidens
799 4268 952 4353 Capituli
975 4268 1184 4333 auctoritate
1206 4288 1269 4331 sua
1292 4265 1464 4330 ordinaria
1505 4276 1650 4334 monition

351 4391 413 4456 pro
440 4372 685 4437 relonnacione
713 4373 957 4456 premissorum
986 4393 1026 4436 ac
1053 4369 1202 4434 remedio
1229 4375 1401 4454 oportuno
1428 4369 1464 4434 in

352 4476 479 4539 eisdem
499 4475 669 4550 habendo
692 4476 902 4541 moniciones
923 4476 1094 4560 legitimas
1115 4474 1216 4538 dictis
1237 4472 1408 4538 canonicis
1429 4479 1464 4536 et

354 4579 592 4663 Prebendarijs
611 4580 764 4643 decreuit
783 4580 856 4644 fieri
874 4581 910 4644 in
928 4581 992 4644 hec
1010 4579 1117 4643 verba
1132 4597 1186 4640 :-

380 4718 463 4727 0--

1507 3208 1646 3273 requiring

424 4788 430 4810 ¹
450 4783 507 4831 MS.
522 4784 571 4832 has
587 4790 602 4806 ‘¹
614 4780 775 4830 noticiam.''

539 4895 577 4957 ¹9
