3950 5625
415 732 418 740 .
476 676 541 759 256
763 677 842 742 Tne
868 678 1025 743 lucrm
1049 678 1296 746 Manuscnrer.

477 856 607 933 iecisse,
641 857 813 933 fundasse,
846 864 881 921 et
912 857 1093 934 stabilisse,
1117 879 1157 922 ac
1188 857 1325 941 Joh'em
1357 859 1400 922 de
1428 858 1591 932 Threske,

476 962 714 1046 presbiterum,
758 962 909 1027 eiusdem
960 964 1113 1045 cantarie
1164 964 1314 1047 primum
1366 963 1592 1047 Capellanum

476 1066 681 1141 nominasse,
727 1067 912 1142 ordinasse,
958 1073 993 1130 et
1037 1087 1097 1150 per
1140 1073 1314 1151 presentes
1358 1067 1591 1142 constituisse,

477 1169 656 1254 eidemque
687 1170 781 1253 Joh’i
810 1171 852 1234 de
879 1171 1030 1235 Threske
1053 1171 1270 1247 tradidimus
1293 1172 1535 1247 concessimus,
1559 1178 1593 1235 et

477 1274 510 1339 h.
527 1295 560 1358 p.
576 1275 705 1358 scripto
719 1281 837 1339 nostro
847 1275 1096 1359 quatripartito
1106 1275 1396 1351 confirmauimus,
1412 1276 1593 1360 quandam

262 1378 462 1493 gq‘lpwafflt:
477 1399 625 1443 vacuam
646 1379 801 1462 placeam
823 1385 910 1443 terre
931 1401 1011 1443 cum
1032 1379 1254 1464 pertinencijs
1275 1381 1310 1445 in
1331 1380 1488 1465 predicta
1511 1379 1594 1445 villa

275 1460 330 1560 {ned
339 1458 464 1575 {sasgff
478 1482 520 1547 de
542 1483 677 1547 Norton
697 1484 857 1567 Conyers,
877 1484 1112 1549 continentem
1131 1491 1271 1549 eentum
1293 1485 1397 1568 pedes
1421 1485 1456 1549 in
1474 1485 1594 1549 latitu-

263 1579 305 1627 f⁰s
325 1578 462 1641 cnaplain.
478 1586 557 1651 dine
585 1594 619 1651 et
649 1588 815 1652 ducentos
844 1588 947 1671 pedes
976 1589 1010 1652 in
1039 1588 1253 1674 longitudine
1281 1610 1343 1672 pro
1371 1589 1594 1653 edificacione

478 1692 579 1756 vnius
592 1692 756 1777 mesuagij
773 1699 807 1756 et
818 1692 998 1756 cuiusdam
1008 1694 1140 1778 gardini
1155 1714 1257 1776 super
1269 1693 1413 1758 eandem
1424 1694 1592 1777 placeam,

477 1816 538 1880 per
571 1797 826 1861 ordinacionem
861 1803 1027 1871 nostram,
1058 1818 1120 1882 pro
1152 1798 1407 1862 inhabitacione
1438 1798 1595 1862 eiusdem

477 1899 589 1983 Joh’is
610 1900 652 1964 de
674 1901 824 1965 Threske
845 1907 880 1965 et
901 1922 1134 1965 successorum
1155 1923 1295 1966 suorum
1317 1901 1407 1966 dicte
1429 1901 1591 1966 Cantarie

477 2004 739 2088 Capellanorum
759 2005 925 2069 facienda.
975 2006 1134 2071 Habend.
1155 2013 1189 2069 et
1209 2006 1345 2070 tenend.
1366 2005 1478 2070 eidem
1496 2006 1591 2089 Joh’i

478 2108 520 2173 (16
538 2109 688 2173 Threske
707 2116 741 2173 et
760 2110 1011 2173 successoribus
1029 2111 1099 2174 suis
1117 2109 1208 2174 dicte
1227 2110 1386 2174 Cantarie
1404 2110 1592 2194 capellanis

478 2213 669 2298 predictam
680 2214 834 2298 placeam
846 2220 933 2278 terre
944 2234 1023 2278 cum
1034 2214 1252 2298 pertinenciis
1262 2235 1324 2299 pro
1334 2215 1592 2279 inhabitacione

478 2339 541 2382 sua
563 2319 827 2402 imperpetuum.
876 2319 922 2382 Et
944 2319 1084 2402 insuper
1104 2320 1333 2383 concessimus
1354 2325 1389 2383 et
1411 2319 1444 2383 h.
1469 2340 1503 2403 p.
1527 2339 1590 2382 scr.

265 2431 350 2495 Eight
372 2430 465 2479 marks
478 2423 553 2487 n'ro
565 2422 845 2487 confirmauimus
857 2423 993 2507 prelato
1005 2422 1098 2506 Joh'i
1111 2423 1153 2487 (16
1165 2423 1315 2488 Threske
1326 2429 1406 2488 octo
1417 2430 1592 2488 marcatas

313 2514 329 2547 ³
343 2513 417 2560 year.
480 2527 586 2592 annui
621 2526 776 2592 redditus
812 2528 1018 2611 percipiend.
1056 2529 1237 2592 annuatim
1272 2527 1383 2592 eidem
1419 2528 1513 2611 Joh’i
1550 2527 1592 2591 de

480 2632 610 2697 Thresk
641 2638 675 2696 et
706 2633 956 2696 successoribus
987 2632 1057 2695 suis
1088 2631 1178 2696 dicte
1209 2631 1369 2695 Cantarie
1399 2631 1593 2715 Capellanis

480 2738 522 2802 de
553 2737 708 2822 predicto
738 2738 890 2801 manerio
920 2757 1000 2800 cum
1030 2737 1153 2821 pertin.
1186 2741 1221 2799 et
1251 2734 1293 2799 de
1323 2735 1485 2800 omnibus
1515 2734 1593 2819 alijs

479 2842 587 2918 161115,
606 2843 822 2918 tenementis,
841 2841 1043 2917 redditibus,
1061 2849 1096 2906 et
1112 2840 1265 2925 seruicijs
1281 2862 1360 2905 cum
1376 2830 1448 2905 suis
1465 2841 1591 2925 pertin,

481 2967 548 3031 que
576 2947 715 3012 fuerunt
742 2946 887 3031 predicti
916 2946 1003 3010 Ric’i
1031 2946 1166 3011 Norton
1193 2945 1347 3009 defuncti
1374 2945 1409 3008 in
1437 2945 1593 3028 predicta

478 3051 560 3115 villa
580 3050 622 3115 de
642 3050 776 3115 Norton
796 3050 945 3134 Conyers
965 3050 1010 3115 ad
1029 3050 1118 3115 testa
1138 3050 1204 3115 S'ci
1223 3048 1363 3114 Martini
1382 3049 1417 3112 in
1436 3068 1538 3133 yeme
1556 3055 1591 3113 et

481 3156 711 3231 Pentecostes,
729 3156 825 3239 equis
842 3155 1071 3238 porcionibus,
1089 3155 1124 3218 in
1144 3154 1310 3218 auxilium
1326 3154 1593 3218 sustentacionis

480 3281 540 3324 sue
553 3282 593 3324 ac
605 3260 907 3343 supportacionem
920 3279 1062 3323 onerum
1076 3265 1110 3322 et
1123 3257 1382 3322 ordinacionum
1395 3264 1593 3322 nostrorum

479 3364 751 3448 subscriptorum
795 3364 1060 3448 imperpetuum.
1108 3363 1211 3427 Cuius
1254 3361 1395 3446 quidem
1438 3363 1593 3427 cantarie

480 3469 655 3534 ordinacio
674 3468 829 3552 sequitur
847 3474 882 3532 et
901 3475 953 3532 est
972 3468 1062 3532 talis.

265 3715 466 3778 TheChaplain
572 3689 611 3752 ln
644 3687 768 3767 primis
810 3685 937 3750 scilicet
985 3685 1145 3749 volumus
1196 3689 1230 3747 et
1281 3683 1481 3747 ordinamus
1537 3703 1596 3767 per

264 3783 369 3898 effigi
376 3796 468 3897 ffiqe
482 3798 657 3875 presentes
673 3790 767 3875 quod
784 3790 959 3874 predictus
976 3789 1154 3872 Johannes
1170 3788 1212 3852 de
1229 3788 1379 3852 Threske
1396 3793 1431 3851 et
1448 3788 1594 3872 quilibet

265 3886 414 3977 ¹Oroinary
427 3915 456 3963 or
483 3896 569 3960 alius
596 3916 678 3960 suus
705 3913 879 3959 successor
905 3893 996 3957 dicte
1024 3892 1186 3957 Cantarie
1213 3892 1417 3976 Capellanus
1444 3893 1506 3976 qui
1534 3911 1595 3975 pro

266 3981 467 4112 N⁰;{‡}fg‡'”'
483 4007 637 4084 tempore
656 4000 770 4074 fuerit,
790 4004 976 4082 postquam
995 4018 1055 4082 per
1072 4017 1145 4071 nos,
1159 3996 1310 4071 heredes,
1323 4016 1383 4060 seu
1402 3997 1594 4080 assignatos

281 4116 447 4165 institution,
483 4111 618 4169 nostros
646 4104 691 4168 ad
719 4102 864 4167 eandem
892 4101 1101 4176 Cantariam,
1126 4100 1190 4164 loci
1218 4099 1308 4165 illius
1331 4100 1504 4164 ordinario
1533 4120 1594 4183 pro

484 4216 636 4293 tempore
655 4206 817 4272 existenti
836 4206 939 4271 fuerit
958 4210 1176 4289 presentatus
1195 4211 1229 4269 et
1247 4224 1309 4288 per
1326 4204 1439 4287 ipsum
1458 4204 1592 4268 ordina·

482 4314 570 4378 rium
598 4312 767 4377 admissus
794 4310 838 4374 ad
865 4309 1010 4374 eandem
1037 4315 1072 4373 et
1098 4309 1281 4373 institutus
1308 4314 1343 4372 et
1370 4307 1534 4372 inductus
1560 4308 1593 4371 in

481 4417 602 4482 eadem
631 4422 734 4501 prout
764 4415 867 4479 moris
897 4420 948 4478 est
978 4420 1013 4477 et
1042 4413 1085 4476 de
1115 4413 1186 4477 iure
1216 4412 1288 4477 11611
1318 4411 1422 4475 debet
1452 4412 1487 4476 in
1517 4411 1593 4494 alijs

481 4521 656 4605 beneficiis
675 4518 920 4593 ecclesiasticis,
941 4518 1062 4582 missas
1081 4523 1116 4581 et
1133 4517 1199 4581 alia
1215 4517 1334 4580 divina
1349 4516 1515 4600 obsequia
1531 4536 1593 4599 pro

481 4634 578 4691 statu
595 4632 630 4690 et
648 4625 829 4690 animabus
846 4622 1053 4705 supradictis
1071 4622 1105 4686 in
1123 4621 1261 4705 Capella
1279 4619 1435 4703 predicta
1452 4619 1592 4705 singulis

481 4731 602 4797 diebus
640 4730 905 4814 imperpetuum,
946 4731 1101 4790 cessante
1140 4723 1388 4809 impedimento
1426 4723 1590 4808 legitimo,
