3950 5625
451 717 512 783 172
733 702 812 766 Tur
837 702 994 768 Iuonar
1018 703 1264 768 Manuscnrrr.

448 887 602 945 vestrum
623 882 823 966 congruenti
844 883 1033 948 secundum
1053 883 1136 959 vim,
1158 883 1315 960 formam,
1338 891 1372 948 et
1393 884 1566 950 eflectum

446 985 676 1050 ordinacionis
700 987 908 1051 auctoritate
932 987 1106 1052 ordinaria
1129 988 1279 1072 legitime
1302 989 1382 1052 inde
1406 988 1502 1054 lacte
1528 997 1565 1056 et

447 1091 674 1175 promulgate,
714 1097 866 1155 vestram
905 1091 1118 1175 personalem
1156 1093 1366 1176 presenciam
1405 1093 1441 1157 in
1481 1115 1564 1178 pro-

446 1194 655 1259 cessionibus
678 1203 712 1259 et
736 1196 847 1259 missis
870 1196 1066 1260 huiusmodi
1088 1196 1281 1261 exhibendo
1304 1203 1339 1260 et
1362 1197 1564 1280 incipiendo

446 1298 480 1362 in
497 1298 552 1363 die
570 1299 753 1364 Dominica
770 1299 929 1364 videlicet
946 1300 981 1364 in
998 1300 1087 1364 festo
1104 1301 1170 1365 S'ci
1187 1301 1316 1365 Thome
1334 1301 1440 1385 app’li
1457 1323 1561 1386 prox,

446 1403 576 1479 futuro,
601 1405 666 1468 sub
690 1425 779 1488 pena
803 1405 1036 1488 suspencionis
1060 1426 1081 1468 a
1105 1405 1334 1470 celebracione
1358 1405 1562 1472 diuinorum

445 1528 551 1591 quarn
571 1508 605 1572 in
625 1529 787 1592 personas
808 1515 940 1573 vestras
960 1515 995 1573 et
1015 1514 1208 1573 vestrarum
1227 1510 1377 1594 singulas
1397 1510 1501 1594 culpa
1523 1518 1561 1576 et

445 1611 680 1676 inobediencia
703 1620 819 1677 vestra
842 1613 1105 1696 precedentibus
1128 1613 1338 1678 intendimus
1360 1613 1559 1690 fulminare,

444 1722 548 1800 prout
571 1717 705 1781 dictant
730 1717 879 1802 legitime
903 1723 938 1781 et
961 1717 1123 1782 canonice
1146 1718 1416 1782 sanctiosiones.1
1464 1720 1560 1785 Acta

444 1827 478 1884 et
503 1821 596 1885 facta
620 1829 693 1886 erat
718 1822 780 1885 hec
803 1822 950 1886 monicio
973 1823 1008 1886 in
1032 1822 1136 1886 domo
1159 1822 1340 1906 capitulari
1368 1823 1493 1907 Ripon’
1521 1825 1559 1889 in

444 1924 499 1989 die
533 1925 631 2007 Jouis
665 1947 760 2009 pron.
797 1931 875 2010 post
909 1925 1037 1990 festum
1072 1926 1314 2010 Concepcionis
1347 1928 1398 1991 be.
1435 1927 1556 2004 Marie,

444 2030 545 2093 Anno
563 2030 643 2093 D’ni
661 2030 804 2094 Mill'mo
820 2039 934 2094 ccccmo
952 2030 1095 2106 decimo,
1112 2031 1328 2115 presentibus
1344 2031 1434 2096 d’nis
1452 2032 1558 2114 Joh'e

444 2133 486 2197 de
506 2133 612 2210 Dene,
633 2134 815 2209 Canonico,
837 2135 937 2217 Joh'e
959 2134 1106 2210 RedneS,
1127 2141 1163 2199 et
1182 2135 1268 2218 alijs.

446 2349 533 2431 (255)
573 2349 684 2413 Corra
720 2365 947 2413 resanunnrr
986 2350 1063 2428 o'ru
1102 2350 1273 2414 Huconls
1310 2350 1553 2429 Coruncanio,

487 2470 671 2518 canonrcr.

531 2621 572 2685 ln
595 2622 659 2685 Dei
683 2622 830 2698 nomine,
854 2621 975 2687 Amen.
1024 2623 1088 2686 Die
1111 2623 1217 2698 Lune,
1241 2624 1475 2690 sextodecimo
1499 2627 1553 2691 die

442 2725 631 2808 Februarii,
650 2726 750 2790 Anno
771 2725 852 2791 D’ni
874 2727 1015 2790 Mill'mo
1035 2736 1150 2791 ccccm⁰
1170 2748 1271 2803 nono,
1290 2734 1324 2791 et
1345 2749 1436 2793 anno
1457 2732 1553 2817 regni

441 2830 527 2915 regis
553 2831 692 2895 Henrici
717 2832 832 2916 quarti
857 2839 936 2916 post
960 2839 1188 2917 conquestum
1212 2831 1333 2918 Anglie
1357 2833 1551 2914 vndecim0,

441 2935 515 3019 Ego
546 2935 648 3020 Hugo
677 2935 905 3022 Cotyngham,
936 2937 1088 3011 clericus,
1120 2937 1311 3002 Canonicus
1339 2938 1418 3003 eccl.
1450 2939 1550 3006 Cath.

441 3038 506 3104 S'ci
530 3039 627 3103 Pauli
651 3040 805 3105 London.
830 3041 864 3105 in
887 3042 979 3105 bona
1001 3062 1078 3105 mea
1101 3042 1265 3106 memoria
1287 3043 1447 3119 existens,
1472 3045 1551 3110 licet

440 3165 517 3229 eger
543 3144 704 3227 corporis,
733 3146 889 3231 cogitans
917 3145 959 3209 de
986 3146 1148 3210 extremis
1175 3147 1270 3221 meis,
1299 3147 1420 3223 cond0,
1449 3149 1549 3226 facio,

440 3255 473 3312 et
498 3248 619 3312 ordino
641 3270 779 3332 presens
804 3256 1053 3314 testamentum
1076 3271 1191 3314 meum
1215 3250 1335 3314 vltime
1358 3251 1550 3318 voluntatis

440 3373 513 3417 mee
546 3353 580 3417 in
613 3353 704 3417 hunc
736 3354 887 3418 modum.
937 3354 977 3418 In
1010 3354 1139 3437 primis,
1172 3354 1247 3440 lego
1279 3361 1313 3418 et
1345 3360 1550 3423 commendo

439 3457 591 3521 animam
614 3478 727 3522 meam
750 3459 824 3521 Deo
847 3458 1077 3542 omnipotenti
1100 3460 1245 3523 creatori
1268 3480 1354 3534 me0,
1379 3462 1549 3547 beateque

439 3561 544 3625 Maria
569 3561 699 3646 Virgini
723 3568 758 3625 et
783 3562 942 3626 omnibus
966 3563 1095 3627 sanctis
1119 3564 1201 3638 eius,
1227 3570 1261 3627 et
1285 3585 1408 3647 corpus
1433 3587 1548 3632 meum

437 3664 482 3729 ad
501 3665 734 3749 sepeliendum
754 3665 843 3730 infra
864 3666 990 3731 limites
1014 3667 1151 3731 ecclesie
1176 3667 1242 3731 S’ci
1265 3668 1362 3732 Pauli
1383 3670 1546 3753 predicte,

436 3769 495 3833 vbi
509 3770 676 3853 placuerrt
690 3770 820 3834 decano
835 3777 869 3834 et
883 3770 1037 3854 capitulo
1050 3771 1202 3836 eiusdem
1216 3773 1354 3836 ecclesie
1367 3773 1547 3857 disponere

435 3880 470 3937 et
493 3872 660 3937 ordinare.
710 3875 799 3939 Item
822 3875 897 3960 lego
921 3875 1049 3940 eisdem
1072 3875 1144 3940 dec.
1170 3882 1204 3939 et
1228 3876 1309 3961 Cap.
1334 3876 1379 3941 ad
1402 3899 1488 3962 opus
1511 3886 1546 3943 et

435 3998 536 4042 vsum
569 3978 648 4042 eccl.
683 3978 846 4062 predicte,
881 3979 933 4044 Cs.
982 3979 1027 4044 It'
1062 3981 1136 4065 lego
1169 3981 1248 4045 eccl.
1283 3981 1470 4065 parochiali
1503 3983 1546 4047 de
1592 4001 1594 4004 ·

435 4081 597 4157 Causton,
619 4083 680 4146 xls.
737 4083 781 4147 It’
802 4083 877 4168 lego
898 4083 1043 4148 lsabelle
1062 4084 1168 4148 sorori
1188 4105 1272 4160 mee,
1294 4086 1355 4149 xls.
1405 4086 1449 4150 It’
1470 4087 1545 4171 lego

434 4186 528 4267 Joh'i
549 4186 657 4269 Jolyfi
676 4192 711 4249 et
730 4187 836 4251 Alicie
856 4188 955 4251 vxori
975 4188 1058 4262 eiuS,
1079 4188 1141 4252 xls.
1191 4189 1234 4252 lt’
1255 4189 1330 4274 lego
1349 4190 1431 4253 d'no
1450 4191 1544 4272 Joh’i

435 4290 557 4364 Stowe,
575 4290 762 4374 capellano,
780 4291 1063 4375 superpelliceum
1082 4312 1207 4356 meum.
1257 4293 1445 4357 Residuum
1462 4315 1543 4359 vero

434 4394 588 4458 omnium
610 4400 644 4457 et
666 4394 877 4478 singulorum
899 4396 1068 4459 bononrm
1089 4416 1254 4471 meorum,
1278 4396 1484 4472 debitorum,
1507 4406 1542 4463 et

433 4499 636 4563 catallorum
665 4519 972 4583 quorumcumque,
1003 4500 1221 4582 ubicumque,
1252 4506 1287 4563 et
1316 4501 1349 4563 in
1379 4522 1541 4584 quorum-

432 4623 580 4688 cumque
610 4602 770 4668 manibus
801 4603 1026 4668 existencium
1057 4609 1136 4688 post
1163 4602 1281 4667 debita
1312 4624 1388 4667 mea
1415 4606 1539 4683 soluta,

504 4798 512 4822 ¹
531 4794 568 4844 So
580 4793 609 4843 in
622 4794 679 4843 MS.
693 4793 736 4843 lor
751 4798 767 4820 '⁴
777 4794 963 4846 sanctiones.''
