3950 5625
300 3488 428 3605 Jilii'e.

336 3611 394 3659 The

294 3678 433 3727 lounders.

481 760 543 826 194
764 742 843 808 Tun
868 742 1025 807 Iuouav
1048 743 1295 806 Manuscnrpr.

478 922 664 986 nominatis
691 922 833 986 liberam
863 921 1199 986 administracionem
1233 920 1387 985 omnium
1422 921 1588 985 bonorum

478 1026 561 1090 dicti
599 1026 717 1111 Mag’ri
755 1026 894 1090 Will'mi
931 1026 1114 1090 confratris
1150 1025 1259 1089 nostri
1300 1025 1390 1089 infra
1436 1031 1590 1089 nostram

478 1130 760 1213 Jurisdiecionem
806 1130 1030 1194 existencium
1081 1130 1117 1194 in
1169 1129 1279 1193 forma
1330 1129 1591 1194 constitucionis

479 1234 625 1319 legatine
648 1235 682 1298 in
704 1236 769 1298 hac
792 1240 889 1317 parte
912 1234 1003 1298 edite
1025 1234 1260 1298 concedentes,
1309 1234 1349 1297 ln
1372 1253 1400 1298 c.
1426 1253 1451 1298 r.
1477 1239 1503 1298 t.
1529 1233 1587 1317 sig.

478 1359 510 1402 n.
529 1358 615 1423 pres.
634 1345 684 1402 est
702 1359 902 1422 appensum.
963 1339 1045 1402 Dat.
1064 1338 1167 1402 Ebor.
1186 1337 1220 1401 in
1237 1337 1341 1401 domo
1357 1343 1477 1401 nostra
1493 1336 1592 1420 Capi-

478 1442 591 1518 tulari,
626 1443 789 1506 vicesimo
823 1442 929 1506 tercio
962 1442 1017 1506 die
1050 1442 1175 1506 mensis
1208 1441 1339 1524 Marcij,
1373 1441 1475 1505 Anno
1510 1441 1590 1505 D'ni

481 1545 594 1610 ..llill'io
613 1557 728 1611 cccc⁰‘⁰
743 1546 876 1610 decimo
894 1567 996 1611 non0.

477 1752 527 1823 70.
786 1736 874 1819 (287)
903 1736 1064 1818 (Probate
1088 1742 1125 1800 at
1150 1736 1288 1821 Ripon).

569 1878 610 1941 ln
641 1877 705 1940 Dei
736 1877 885 1952 nomine,
918 1877 1039 1942 Amen.
1087 1876 1262 1941 Vniuersis
1293 1876 1325 1942 S.
1359 1875 1404 1940 M.
1438 1877 1478 1941 E.
1512 1877 1594 1961 filijs

481 1987 601 2066 pateat
625 2002 685 2066 per
708 1988 883 2065 presentes
907 1981 1002 2065 quod
1025 2002 1087 2045 nos
1112 1980 1222 2066 Capit.
1248 1981 1327 2045 eccl.
1354 1979 1436 2044 Coll.
1463 1980 1591 2064 Ripon'

481 2106 618 2170 presens
649 2091 898 2150 testamentum
929 2085 993 2149 rite
1024 2091 1059 2148 et
1089 2085 1240 2170 legitime
1270 2086 1457 2168 probatum
1489 2086 1594 2169 xxvj⁰

480 2189 535 2254 die
561 2211 666 2255 mens.
695 2190 885 2274 Septembr.
913 2190 948 2253 in
975 2190 1078 2253 domo
1103 2196 1221 2253 nostra
1247 2188 1435 2273 Capitulari
1463 2188 1590 2273 Ripon'

481 2303 681 2378 reputamus
696 2301 730 2358 et
746 2293 1025 2377 pronunciamus,
1042 2294 1124 2357 d’no
1139 2293 1232 2376 Joh’i
1248 2294 1290 2357 de
1306 2294 1401 2357 Dene
1417 2293 1591 2358 Canonico

480 2399 559 2464 eccl.
598 2399 760 2482 predicte,
799 2397 892 2481 Joh'i
931 2399 1043 2482 Pygot
1080 2398 1266 2482 Armigero,
1304 2403 1339 2461 et
1377 2397 1458 2462 d'no
1496 2399 1591 2482 Joh’i

481 2502 647 2578 Redenes,
683 2502 871 2587 capellano,
907 2502 1147 2566 executoribus
1181 2503 1216 2565 in
1251 2502 1344 2565 dicto
1379 2507 1592 2568 testamento

480 2606 676 2682 nominatis,
720 2606 1058 2670 administracionem
1100 2606 1253 2670 omnium
1294 2607 1464 2670 bonorum
1507 2606 1589 2672 dicti

479 2709 633 2774 defuncti
666 2711 755 2774 inira
788 2710 1072 2793 Jurisdiccionem
1106 2716 1260 2774 nostram
1293 2710 1521 2775 existencium
1554 2713 1589 2776 in

479 2815 590 2879 tonna
620 2815 881 2880 constitucionis
912 2835 1015 2899 super
1045 2816 1110 2879 hoc
1141 2815 1231 2879 edite
1262 2815 1499 2881 concedentes,
1549 2818 1589 2881 ln

478 2940 506 2984 c.
535 2939 560 2984 r.
589 2925 613 2985 t.
641 2920 701 3005 sig.
734 2940 766 2984 n.
800 2920 1015 3003 presentibus
1046 2919 1266 3004 apposuinus.
1314 2911 1396 2985 Dat.
1424 2920 1459 2984 in
1485 2921 1590 2985 domo

478 3025 552 3088 n'ra
572 3023 771 3105 Capitulari‚
793 3024 894 3087 Anno
915 3023 996 3087 D’ni
1017 3023 1158 3087 Mill’mo
1178 3034 1292 3087 ccccmo
1311 3024 1484 3089 vicesimo

481 3216 568 3301 (288)
590 3216 783 3280 Fuunncro
802 3232 847 3278 Er
864 3231 1066 3279 onnnmcro
1087 3214 1273 3278 Gauranis
1289 3231 1338 3278 nn
1358 3232 1499 3279 urrann
1519 3217 1587 3282 S'c1

521 3321 653 3385 Tarona
678 3319 866 3383 Maenius.

566 3460 739 3524 Vniuersis
771 3459 802 3524 S.
836 3459 880 3523 M.
914 3459 953 3523 E.
986 3458 1066 3542 filijs
1096 3460 1185 3524 hanc
1215 3466 1348 3523 cartam
1378 3460 1504 3525 visuris
1535 3461 1587 3526 vel

480 3563 658 3638 audituris,
677 3563 822 3627 Will’ms
839 3563 880 3626 de
898 3562 1034 3637 Cawod,
1052 3563 1131 3627 eccl.
1150 3562 1231 3627 Coll.
1252 3563 1376 3647 Ripon’
1396 3564 1587 3631 Canonicus

478 3674 513 3731 et
530 3667 802 3731 Residenciarius
817 3667 852 3730 in
868 3667 999 3742 eadem,
1016 3667 1134 3750 Joh’es
1149 3668 1265 3731 Deene
1280 3667 1432 3733 eiusdem
1448 3670 1585 3734 ecclesie

478 3771 559 3836 Coll.
591 3770 791 3846 CanonicuS‚
822 3770 971 3834 Thomas
1001 3770 1184 3854 Balderhy,
1215 3771 1333 3854 Joh'es
1363 3772 1583 3849 Schaumbre,

477 3875 649 3940 Walterus
670 3875 834 3958 Halyfax,
855 3874 1001 3938 Will'ms
1022 3875 1125 3951 Lane,
1146 3875 1292 3940 Will'ms
1312 3876 1431 3940 Water
1450 3877 1583 3960 Junior,

478 3985 512 4043 et
521 3980 643 4063 Joh'es
656 3979 774 4042 Maver
786 3979 889 4042 Ebor.
905 3978 1004 4054 dioc„
1018 3978 1166 4043 salutem
1178 3979 1213 4043 in
1227 3979 1317 4044 D'no
1328 3981 1582 4064 sempiternam.

478 4082 621 4147 Nouerit
645 4082 850 4146 vniuersitas
876 4087 992 4145 vestra
1013 4083 1106 4167 quod
1130 4104 1191 4146 nos
1216 4083 1260 4146 ad
1282 4083 1419 4147 laudem
1442 4085 1584 4169 gloriam

477 4194 511 4251 et
533 4187 697 4251 honorem
719 4186 842 4250 Sancte
864 4191 898 4248 et
920 4185 1096 4250 indiuidue
1118 4187 1307 4263 Trinitatis,
1331 4187 1583 4272 gloriosissime-

477 4312 543 4376 que
563 4290 709 4375 Virginis
728 4291 829 4353 beate
849 4290 954 4353 Marie
973 4290 1094 4354 matris
1114 4291 1195 4355 D’ni
1213 4292 1279 4356 n’ri
1299 4291 1365 4355 lhu
1384 4292 1444 4375 xpi
1464 4299 1499 4357 et
1520 4293 1583 4358 S’ci

477 4395 634 4470 Wiliridi,
667 4394 888 4478 omniumque
919 4399 1118 4459 sanctorum
1149 4395 1224 4469 Dei,
1256 4396 1291 4458 in
1322 4395 1439 4459 Diuini
1471 4397 1582 4461 cultus

477 4506 711 4584 augmentum,
740 4503 774 4561 et
801 4504 997 4562 nostrorum
1024 4499 1256 4562 remissionem
1283 4505 1515 4583 peccatomm,
1543 4520 1581 4564 ac

476 4623 538 4686 pro
556 4601 683 4666 salubri
701 4607 797 4665 statu
815 4601 889 4665 n'ro
908 4607 943 4665 et
962 4601 1249 4666 Reuerendissimi
1268 4602 1302 4666 in
1322 4602 1403 4686 Xpo
1421 4603 1531 4686 patris
1548 4608 1580 4665 et

476 4707 558 4782 d’ni,
597 4706 668 4770 d'ni
706 4705 846 4769 Henrici
884 4705 1014 4781 Bowet‚
1053 4705 1274 4790 permissione
1312 4706 1440 4770 Diuina
1477 4707 1577 4770 Ebor.

475 4810 739 4895 Archiepiscopi,
770 4829 809 4873 ac
837 4809 1045 4874 honorabilis
1073 4817 1108 4874 et
1136 4810 1373 4893 circumspecti
1401 4810 1465 4875 viri
1495 4808 1577 4874 Ric'i
