3950 5625
783 707 876 771 Acrs
900 724 946 771 or
969 707 1148 772 cmm.
1435 689 1438 695 ¹
1459 727 1520 789 103

566 897 652 981 (162)
680 897 866 963 Pnossncro
889 901 1130 981 rrsrxnrnlrr
1157 902 1364 983 PRED1CT1).¹
1396 968 1398 971 ,

499 1078 539 1141 In
581 1077 644 1141 Dei
686 1078 834 1153 nomine,
878 1078 998 1142 Amen.
1047 1077 1212 1142 Admissis
1254 1080 1517 1162 probacionibus

404 1202 510 1264 super
529 1182 680 1246 laccione
699 1183 867 1265 presentis
886 1183 1086 1264 testamenti
1106 1203 1222 1247 coram
1241 1184 1339 1247 nobis
1358 1184 1518 1266 Capitulo

405 1286 487 1350 eccl.
513 1286 586 1350 coll.
613 1286 737 1369 Ripon'
762 1287 821 1369 xvj
848 1287 902 1350 die
925 1287 1050 1351 mensis
1074 1286 1155 1369 Julij
1183 1288 1283 1351 Anno
1306 1288 1377 1353 d’ni
1401 1288 1518 1352 Mill'io

405 1405 507 1454 occ¹1¹0
523 1390 621 1472 lxxj0,
640 1390 753 1475 ipsum
771 1397 1020 1455 testamentum
1044 1391 1108 1455 rite
1134 1391 1264 1456 lactum
1281 1398 1315 1455 et
1333 1393 1518 1476 probatum

406 1495 696 1577 pronunciamus;
723 1494 817 1576 Joh'i
853 1495 895 1559 de
932 1495 1075 1558 Acastre
1112 1495 1186 1559 Ciui
1224 1496 1326 1560 Ebor.
1365 1502 1399 1560 et
1437 1497 1518 1560 d’no

406 1599 537 1662 Thome
569 1598 611 1662 de
643 1597 821 1674 Gretham,
856 1599 1051 1682 Capellan0,
1085 1600 1324 1664 executoribus
1357 1600 1391 1665 in
1424 1600 1518 1664 dicto

406 1708 617 1767 testamento
642 1703 839 1777 nominatis,
868 1703 1205 1767 administracionem
1231 1704 1385 1769 omnium
1412 1706 1517 1768 bono-

406 1827 483 1870 rum
518 1807 600 1871 dicti
632 1807 785 1871 defuncti
818 1807 907 1870 infra
940 1807 1216 1889 jurisdiccionem
1247 1815 1401 1873 nostram
1431 1809 1516 1872 exis-

408 1911 569 1986 tencium,
588 1911 622 1975 in
646 1911 756 1975 forma
779 1911 905 1975 statuti
924 1932 1026 1994 super
1045 1912 1150 1992 (hoc)2
1174 1912 1256 1975 editi
1280 1912 1515 1989 concedentes

406 2015 504 2079 salua
529 2016 628 2079 nobis
654 2021 829 2098 potestate
856 2015 1052 2079 huiusmodi
1080 2016 1417 2082 administracionem
1444 2018 1518 2081 aliis

407 2120 646 2184 executoribus
690 2119 759 2183 suis
804 2119 1044 2183 committendi
1088 2140 1167 2184 cum
1212 2141 1288 2184 eam
1333 2121 1517 2185 admittere

408 2224 588 2288 voluerint.
638 2223 678 2287 In
709 2224 805 2288 cuius
836 2224 883 2287 rei
915 2225 1152 2288 testimonium
1182 2225 1330 2309 sigillum
1361 2232 1517 2290 nostrum

407 2327 621 2410 presentibus
643 2334 695 2391 est
717 2349 917 2411 appensum.
966 2329 1047 2392 Dat.
1072 2328 1106 2392 in
1128 2329 1231 2393 domo
1253 2329 1440 2413 Capitulari
1462 2329 1516 2393 die

408 2438 441 2495 et
460 2453 551 2496 anno
569 2432 785 2516 supradictis

408 2685 453 2762 48.
544 2687 630 2769 (163)
658 2687 890 2751 Appnossncro
913 2703 1140 2752 rnsrxnnurr
1168 2689 1388 2770 (ΡΒΕΒΙΩΤΙ).ι

497 2878 537 2942 ln
580 2878 643 2941 Dei
697 2878 844 2952 nomine,
887 2877 1008 2942 Amen.
1056 2878 1222 2942 Exhibito
1263 2898 1378 2943 coram
1419 2879 1517 2942 nobis

408 2981 610 3045 venerabilis
643 2981 792 3066 Capituli
827 2982 906 3045 eccl.
942 2983 1036 3045 beati
1073 2982 1165 3045 Petri
1199 2983 1301 3047 Ebor.
1337 3003 1517 3047 causarum

408 3085 564 3149 auditore
583 3091 794 3149 testamento
813 3087 901 3150 bone
921 3087 1084 3150 memorie
1104 3086 1176 3150 d'ni
1194 3086 1296 3149 Will’i
1316 3086 1358 3151 de
1377 3087 1517 3161 Dalton,

408 3188 568 3254 Canonici
589 3190 672 3254 dum
694 3190 782 3253 vixit
804 3191 941 3254 ecclesie
963 3191 1066 3254 Ebor.
1086 3190 1237 3273 predicte
1254 3197 1288 3254 et
1304 3191 1520 3274 prebendarii

409 3294 579 3377 prebende
607 3294 649 3358 de
679 3294 814 3377 Bychill
842 3315 920 3358 cum
951 3295 1198 3379 Knaresburgh
1227 3296 1261 3359 in
1290 3296 1420 3370 eadem,
1450 3316 1519 3359 vna

407 3418 485 3462 cum
507 3398 663 3462 codicillo
685 3399 795 3463 eidem
816 3400 945 3463 annixo
967 3405 1002 3463 et
1024 3400 1130 3463 literis
1152 3399 1355 3463 venerabilis
1376 3400 1518 3484 capituli

412 3502 536 3586 Rypon
571 3503 673 3567 Ebor.
709 3503 795 3567 dioc.
831 3504 927 3568 cuius
960 3503 1099 3567 ecclesie
1132 3503 1245 3567 dictus
1278 3504 1378 3568 d'nus
1412 3504 1519 3568 Will's

411 3604 602 3671 Canonicus
638 3607 750 3671 iuerat
786 3608 870 3672 dum
906 3608 1005 3683 vixit,
1044 3614 1078 3671 et
1115 3614 1268 3692 tempore
1304 3609 1424 3673 mortis
1459 3629 1519 3673 sue

411 3710 567 3775 confecta
595 3731 697 3794 super
726 3711 810 3775 dicti
840 3712 1040 3776 testamenti
1072 3712 1303 3777 insinuacione
1333 3719 1367 3777 et
1397 3733 1519 3796 appro-

411 3815 552 3879 bacione
572 3835 687 3879 coram
708 3816 781 3900 ipso
802 3816 961 3900 Capitulo
981 3823 1016 3880 et
1040 3817 1112 3881 eius
1132 3818 1339 3881 auctoritate
1360 3817 1463 3892 facta,
1485 3823 1519 3882 et

411 3917 484 4002 ipso
515 3925 724 3999 testamento
755 3920 909 3984 codicillo
940 3927 975 3984 et
1006 3921 1113 3984 literis
1142 3921 1224 3983 visis
1254 3921 1441 4005 deligenter
1471 3922 1519 3985 in·

412 4023 536 4105 spectis
568 4029 603 4087 et
636 4023 768 4107 plenius
801 4024 994 4099 intellectis
1029 4025 1297 4089 insinuacionem
1330 4030 1363 4087 et
1397 4045 1519 4108 appro-

412 4126 589 4191 bacionem
621 4128 765 4211 predicti
799 4128 1011 4193 ratificamus
1044 4135 1078 4192 et
1111 4130 1353 4212 approbamus
1388 4149 1428 4191 ac
1460 4129 1519 4192 ad-

413 4230 701 4295 ministracionem
716 4233 869 4296 omnium
883 4234 1052 4296 bonorum
1066 4232 1149 4296 dicti
1163 4231 1234 4295 d'ni
1248 4231 1350 4296 Will’i
1364 4231 1519 4297 defuncti

413 4334 500 4398 inira
537 4334 811 4418 jurisdiccionem
850 4336 933 4400 dicti
972 4336 1122 4419 Capituli
1161 4335 1396 4409 existencium,
1437 4336 1518 4400 d’no

414 4436 541 4503 Thome
568 4438 609 4502 de
637 4438 802 4503 Gretham
828 4439 1006 4523 capellano
1033 4445 1067 4502 et
1095 4437 1187 4520 Joh’i
1214 4439 1256 4502 de
1283 4437 1425 4502 Acastre
1451 4440 1518 4503 ciui

415 4541 528 4617 Ebor,
562 4544 800 4607 executoribus
833 4544 867 4607 in
899 4542 993 4606 dicto
1025 4548 1234 4605 testamento
1266 4541 1452 4606 nominatis
1484 4544 1519 4607 in

485 4788 490 4809 ¹
514 4781 610 4831 Added
624 4783 701 4831 later.
776 4787 785 4808 ²
804 4779 930 4829 Omitted
944 4778 972 4826 in
986 4780 1041 4827 MS.
