3950 5625
768 741 861 807 Acrs
884 759 929 807 or
952 742 1132 808 Carmen.
1442 758 1505 825 293

398 921 650 1006 prebendarum
687 920 729 984 de
766 921 1006 1006 Stanewigges,
1046 921 1253 996 Gevendale,
1292 928 1327 986 et
1366 922 1506 987 Sharow

397 1026 621 1110 personaliter
644 1024 806 1089 accedens
829 1045 932 1109 super
955 1025 1158 1101 defectibus,
1184 1026 1505 1110 dilapidacionibus

397 1136 433 1195 et
458 1129 719 1195 ruinositatibus
742 1130 777 1194 in
803 1129 903 1195 dictis
927 1130 1109 1213 prebendis
1133 1136 1168 1195 et
1194 1130 1336 1215 edificijs
1360 1131 1408 1196 eis
1433 1151 1506 1217 per·

398 1235 599 1310 tinentibus,
631 1254 724 1299 more
754 1254 815 1317 per
844 1234 960 1298 omnia
991 1240 1030 1298 vt
1061 1255 1164 1319 supra
1196 1234 1394 1320 diligentem
1425 1236 1506 1301 fecit

397 1338 666 1423 inquisicionem,
700 1358 761 1422 per
791 1359 897 1422 quam
929 1339 1070 1423 quidem
1103 1339 1363 1424 inquisicionem
1396 1346 1507 1406 certos

397 1443 552 1508 defectus
579 1448 614 1507 et
642 1443 863 1508 ruinositates
891 1443 1025 1509 inuenit
1054 1444 1088 1508 in
1117 1443 1256 1519 eisdem,
1286 1451 1389 1529 prout
1418 1445 1508 1510 infra

398 1547 544 1631 patebit.

815 1728 1088 1794 Snanrwrccrs

487 1906 528 1970 In
557 1905 686 1990 primiS,
719 1906 874 1990 prefatus
905 1906 950 1970 M.
983 1906 1162 1972 Presidens
1192 1907 1324 1973 invenit
1355 1908 1509 1976 defectus
1545 1920 1698 1973 Daloculn

399 2009 435 2074 in
467 2010 643 2076 mansione
676 2010 852 2075 Prebende
886 2010 928 2075 de
961 2011 1202 2095 Stanewigges,
1237 2013 1430 2097 pertinente
1464 2014 1508 2082 M.
1548 1989 1697 2119 μῦζιζξὼ,

400 2115 530 2181 Thome
551 2115 742 2181 Bakhowse
761 2115 934 2180 Canonico
953 2120 988 2179 et
1009 2115 1241 2181 Prebendario
1259 2117 1423 2194 eiusdem,
1445 2119 1509 2184 viz.
1539 2121 1632 2176 house,
1648 2123 1710 2179 viz..

400 2220 434 2285 in
454 2225 589 2286 tectura
607 2239 730 2305 magne
749 2219 825 2284 aule
844 2219 998 2285 eiusdem
1017 2240 1059 2284 ex
1078 2226 1177 2303 parte
1196 2221 1328 2300 boriali,
1349 2228 1384 2286 et
1403 2223 1511 2288 eciam
1524 2188 1725 2315 mtfflfffgtm

399 2324 435 2389 in
459 2324 678 2390 edificacione
703 2329 738 2388 et
762 2324 981 2408 reparacione
1006 2324 1170 2399 merimei,
1196 2331 1232 2390 et
1257 2326 1291 2389 in
1317 2332 1452 2392 tectura
1477 2333 1512 2391 et
1546 2320 1706 2435 ὃῑὲῗιῑῑίῃθξῗὶὲ

400 2429 506 2495 muris
522 2428 700 2495 cuiusdam
716 2427 794 2511 orrij
815 2428 943 2493 ibidem
960 2449 1000 2492 ac
1014 2428 1162 2513 granarij
1182 2435 1217 2494 et
1233 2429 1368 2495 stabule
1384 2430 1512 2495 ibidem
1556 2454 1629 2502 mon
1643 2452 1697 2501 and

401 2554 486 2618 quos
519 2533 659 2618 quidem
691 2533 847 2598 defectus
879 2532 1036 2616 prefatus
1069 2532 1113 2596 M.
1150 2533 1329 2598 Presidens
1362 2533 1512 2599 iniunxit
1537 2518 1717 2634 ”amnt

400 2637 606 2704 sufficienter
622 2642 656 2701 et
672 2637 824 2721 perfecte
840 2636 1027 2701 reedificari
1044 2641 1078 2700 et
1095 2637 1245 2720 reparari
1261 2656 1322 2721 per
1337 2638 1512 2722 prefatum
1552 2650 1698 2711 lmifdings,

402 2741 472 2826 (101
494 2741 539 2825 v.)
571 2741 615 2806 M.
639 2742 809 2807 Thomam
834 2741 1025 2805 Bakhowse
1049 2740 1137 2805 citra
1161 2741 1289 2806 festum
1316 2741 1394 2807 InV.
1419 2742 1451 2807 S.
1475 2741 1511 2807 C.
1542 2716 1666 2848 mpss‘i'fffi
1682 2797 1711 2832 aa

400 2847 636 2934 supradictum
660 2849 725 2912 sub
748 2866 838 2932 pena
861 2846 922 2911 xl¹²
946 2845 1134 2911 solidorum
1158 2846 1286 2911 fabrice
1311 2847 1448 2911 ecclesie
1473 2852 1512 2911 vt
1577 2851 1674 2899 above·

401 2971 505 3037 supra
520 2952 713 3037 applicand.

841 3128 1074 3211 (Gevendale).

492 3311 582 3376 Item
601 3310 755 3395 prefatus
776 3310 819 3373 M.
842 3309 1022 3374 Presidens
1042 3308 1087 3372 ad
1106 3308 1322 3373 mansionem
1340 3308 1512 3392 prebende
1527 3339 1565 3387 nt
1578 3337 1626 3385 the
1639 3336 1724 3385 house

405 3415 447 3481 de
463 3413 658 3481 Gevendale
676 3414 839 3479 accedens
856 3413 990 3478 inuenit
1008 3411 1137 3477 ibidem
1155 3412 1301 3476 factores
1320 3412 1363 3476 M.
1383 3412 1514 3476 Thome
1544 3404 1706 3517 θῐὺξῇἓξῗ·

406 3519 598 3595 Herworth,
646 3518 808 3583 Canonici
855 3524 890 3581 et
938 3515 1159 3599 Prebendarij
1210 3515 1372 3590 eiusdem,
1421 3522 1725 3585 certacrvendarehe

405 3624 538 3690 edificia
564 3623 674 3687 eidem
701 3622 871 3687 mansioni
898 3619 1098 3705 prebendali
1125 3619 1338 3703 pertinencia
1364 3619 1515 3703 perfecte
1528 3601 1726 3717 wssssfflesshsse·

406 3734 440 3793 et
467 3728 627 3794 decenter
654 3726 695 3790 de
723 3747 814 3791 novo
842 3724 1052 3800 edificantes,
1083 3745 1122 3788 ac
1150 3723 1258 3787 eciam
1286 3722 1421 3786 diuersa
1449 3722 1516 3787 alia
1564 3734 1689 3809 bunding

406 3832 538 3898 edificia
574 3831 702 3896 ibidem
738 3851 805 3915 que
843 3830 983 3893 fuerunt
1020 3828 1122 3912 longo
1146 3834 1299 3911 tempore
1323 3846 1384 3909 per
1413 3833 1517 3890 antea
1530 3803 1727 3930 oessssffiffiss

407 3936 578 4003 defectiua
594 3942 629 3999 et
645 3934 747 3999 valde
763 3934 901 3999 ruinosa
917 3953 978 4017 per
994 3933 1132 3997 eosdem
1148 3932 1295 3996 factores
1312 3930 1518 3994 sufficienter
1547 3934 1710 4045 theretops

407 4046 576 4127 reparata,
598 4045 715 4104 tamen
735 4045 877 4123 propter
896 4037 1039 4101 nimiam
1060 4035 1346 4119 dilapidacionem
1366 4034 1517 4117 prefato·
1530 4000 1728 4127 wssiiiffiissgsf‘

407 4166 483 4211 rum
530 4144 717 4209 mansionis
764 4147 799 4207 et
848 4141 1061 4206 edificiorum
1108 4139 1218 4203 eidem
1266 4138 1517 4223 pertinencium

408 4249 620 4335 temporibus
667 4246 851 4312 transactis
897 4246 933 4310 in
980 4244 1172 4309 defectibus
1219 4250 1255 4307 et
1302 4241 1518 4326 necligencijs

409 4353 657 4419 canonicorum
682 4357 717 4416 et
743 4350 1052 4415 Prebendariorum
1077 4347 1230 4412 eiusdem
1254 4344 1437 4430 prebende,
1464 4344 1519 4407 vel

408 4459 524 4524 saltim
561 4476 679 4521 eorum
716 4454 944 4519 firmariorum
982 4451 1195 4517 accidentem
1233 4456 1268 4514 et
1305 4448 1517 4534 permissam,
1561 4477 1613 4524 but
1627 4476 1704 4524 there

409 4563 564 4647 prefatus
593 4561 638 4625 M.
670 4558 848 4623 Presidens
876 4558 1010 4621 inuenit
1040 4555 1154 4619 adhuc
1182 4555 1335 4617 diuersos
1364 4550 1519 4615 defectus
1549 4556 1713 4657 ἔὲἶθθοξξωεῖ

410 4667 538 4732 ibidem
562 4663 808 4737 reformandos,
834 4661 899 4725 viz.
925 4661 960 4724 in
985 4666 1121 4725 tectura
1144 4678 1267 4741 magne
1291 4655 1367 4721 aule
1392 4652 1520 4718 ibidem
1592 4679 1622 4723 to
1637 4623 1682 4722 bey

411 4778 446 4835 et
465 4771 500 4835 in
521 4773 656 4833 tectura
675 4773 710 4830 et
729 4764 891 4830 merimeo
910 4763 1091 4829 cuiusdam
1111 4760 1179 4825 alte
1199 4767 1341 4825 camere.
1560 4741 1705 4789 amended,
