3950 5625
832 592 1105 659 Cnnrurnnr.

751 689 1176 757 mma:
1466 711 1509 775 43

412 865 632 950 Wydendon,
655 864 749 929 D'no
768 864 844 929 Ric.
864 865 907 929 de
928 865 1066 949 Boyuill
1083 867 1277 930 senescallo
1296 865 1366 930 d'ni
1387 866 1505 941 Ebor.‚

412 966 506 1030 Petro
526 966 570 1030 de
597 965 729 1050 Eyuill,
751 963 893 1041 balliuo,
922 963 1047 1028 Witl'o
1070 964 1113 1028 de
1138 964 1305 1039 Massam,
1332 965 1510 1049 Jeronimo

411 1065 606 1148 capellano,
638 1062 768 1127 Rob'to
796 1064 826 1127 le
854 1063 1006 1147 Surreys
1027 1062 1178 1147 Capell's
1200 1065 1287 1145 (sic),
1316 1064 1441 1130 Will’o
1468 1065 1510 1130 de

412 1164 619 1241 Rocheland,
639 1176 674 1227 et
688 1163 777 1227 aliis.

409 1369 472 1449 (52)
508 1366 724 1447 (Eumenes
756 1379 1000 1426 couceunruo
1028 1379 1161 1426 irrues
1191 1380 1229 1426 m
1260 1363 1505 1445 Wurrcrnn).

489 1520 579 1585 Cum
605 1528 794 1582 verteretur
816 1515 954 1598 questio
979 1516 1013 1578 in
1039 1516 1238 1581 Canonicos
1261 1519 1303 1582 de
1335 1519 1452 1603 Ripon
1477 1536 1510 1585 et
1552 1539 1661 1586 ⁶·1235·

409 1621 523 1684 fratres
552 1617 736 1701 hospitalis
768 1615 838 1679 S‘ci
866 1615 976 1699 joh’is
1003 1617 1046 1680 de
1076 1615 1206 1700 Ripon’
1231 1639 1336 1700 super
1366 1621 1510 1687 decimis
1526 1635 1696 1699 wyreclyffe.

410 1722 482 1784 lane
527 1720 571 1783 de
617 1715 775 1802 Qwitelif
815 1715 1052 1779 asserentibus
1098 1716 1357 1800 (quibusdam)1
1400 1722 1510 1786 dictos

409 1819 525 1883 fratres
551 1817 677 1882 debere
701 1816 828 1880 habere
852 1814 992 1878 terciam
1023 1827 1165 1897 partem,
1197 1816 1364 1882 Canonici
1393 1835 1508 1885 autem

407 1919 490 1984 duas
522 1929 648 2001 parteS,
678 1915 768 1979 sicut
799 1914 925 1977 habeat
951 1912 994 1976 de
1022 1914 1126 1977 blado
1150 1914 1305 1980 eiusdem
1335 1919 1506 1993 territorii,

407 2019 481 2083 aliis
520 2016 661 2099 quidem
705 2013 849 2076 firmiter
886 2013 1124 2077 asserentibus
1162 2014 1272 2079 dictos
1311 2016 1509 2083 Canonicos

407 2133 509 2184 totam
528 2117 698 2182 decimam
721 2115 799 2177 lane
820 2112 900 2176 dicti
919 2112 983 2176 loci
1002 2112 1126 2176 debere
1145 2114 1320 2197 percipere
1337 2140 1344 2190 ;
1369 2118 1507 2182 tandem

406 2242 445 2284 ex
470 2229 633 2302 precepto
657 2212 837 2296 W(alteri)
860 2212 1114 2295 archiepiscopi
1138 2211 1227 2276 iacta
1250 2229 1302 2278 est
1325 2215 1509 2298 inquisicio

407 2340 465 2403 per
493 2317 704 2381 Herbertum
733 2314 952 2396 capellanum
982 2325 1016 2376 et
1042 2312 1287 2396 Thorphinum
1315 2330 1347 2378 et
1373 2316 1511 2381 Willei·

407 2440 500 2482 mum
542 2415 589 2479 fil.
637 2413 785 2489 odonis
829 2411 1024 2495 prepositos
1065 2413 1206 2487 iuratos,
1253 2414 1286 2476 in
1332 2417 1510 2498 presencia

408 2518 659 2603 Magistrorum
701 2512 811 2597 Joh’is
857 2510 1033 2594 Romayn,
1080 2511 1147 2576 Ad.
1189 2513 1232 2576 de
1273 2513 1508 2590 Richemund,

406 2618 448 2684 G.
476 2619 519 2681 de
549 2615 689 2692 Larder,
718 2612 778 2676 W.
806 2612 848 2674 de
877 2611 1080 2686 Aureliano,
1112 2625 1145 2676 et
1167 2611 1277 2695 Joh'is
1301 2615 1343 2678 de
1373 2616 1508 2692 Hilton,

405 2732 486 2782 tunc
542 2714 670 2778 Balliui
724 2725 757 2776 et
811 2710 1041 2794 plurimorum
1099 2711 1260 2786 aliorum,
1317 2715 1376 2796 qui
1431 2715 1514 2780 fide·

406 2818 481 2883 liter
510 2825 735 2881 asseruerunt
765 2823 798 2875 et
828 2809 985 2888 corditer,
1020 2811 1114 2893 quod
1147 2826 1225 2895 post
1255 2814 1388 2878 obitum
1421 2818 1511 2880 bone

406 2916 571 2981 memorie
621 2913 753 2996 Rogeri
801 2911 977 2993 archiep’i,
1029 2912 1190 2975 viderunt
1240 2913 1412 2978 Thomam
1461 2916 1507 2979 fn.

404 3017 541 3081 Thome
569 3015 612 3077 de
640 3013 729 3075 ultra
759 3011 869 3074 Usam
895 3022 1010 3074 tenere
1034 3012 1220 3095 grangiam
1246 3013 1287 3077 de
1312 3013 1449 3099 Qwittif
1468 3016 1511 3078 ad

404 3116 553 3191 firmam,
573 3127 607 3178 et
629 3113 750 3177 eodem
777 3123 931 3193 tempore
949 3109 1171 3174 Willelmum
1197 3112 1239 3175 de
1265 3112 1371 3197 Laley
1394 3128 1513 3178 tenen·

405 3229 473 3279 tem
502 3212 690 3297 grangiam
720 3211 762 3274 de
791 3209 1017 3292 Northscogh
1042 3210 1085 3272 ad
1115 3209 1249 3272 firmam
1279 3213 1448 3283 similiter,
1480 3226 1513 3277 et

404 3314 562 3377 Thomas
597 3325 752 3392 tempore
792 3308 965 3371 tonsionis
1009 3309 1165 3372 vendidit
1198 3310 1290 3374 dicto
1331 3310 1512 3376 Willelmo

404 3435 489 3479 oues
510 3433 599 3495 quas
624 3410 746 3475 habuit
765 3407 858 3490 apud
878 3406 1021 3493 Qwinif.
1073 3408 1125 3471 Eo
1142 3420 1296 3491 tempore
1314 3411 1512 3476 Thoraldus

404 3513 550 3577 clericus
587 3509 708 3573 habuit
742 3521 849 3572 totam
887 3523 1018 3590 partem
1057 3509 1269 3572 deeimarum
1306 3511 1348 3574 de
1380 3510 1516 3596 Qwitlif

407 3613 634 3696 pertinentem
677 3608 720 3671 ad
763 3608 951 3672 canonicos
998 3607 1128 3691 Ripon'
1171 3609 1215 3671 ad
1257 3608 1405 3685 firmam,
1451 3611 1510 3692 qui

407 3712 548 3777 nomine
580 3709 837 3774 Canonicorum
869 3729 981 3791 agens
1010 3709 1053 3772 ad
1088 3710 1309 3791 recuperand.
1340 3710 1510 3773 decimam

405 3814 447 3877 de
463 3811 565 3875 dictis
581 3808 746 3873 omnibus
759 3808 909 3872 venditis
926 3829 1042 3871 coram
1061 3807 1268 3872 officialibus
1282 3809 1513 3891 archiepisco·

408 3926 507 3996 patus
551 3909 671 3983 Ebor.‚
713 3907 843 3972 scilicet
885 3929 1001 3972 coram
1046 3907 1239 3972 Laurencio
1282 3910 1424 3973 Archid.
1470 3912 1512 3975 de

410 4010 573 4077 Bedforth
598 4022 631 4073 et
655 4008 824 4092 magistro
851 4008 996 4092 Rogero
1021 4009 1176 4071 Arundel
1200 4009 1233 4070 in
1259 4008 1370 4072 forma
1395 4010 1511 4074 iudicii

406 4124 512 4176 totam
530 4108 699 4173 decimam
723 4109 800 4172 lane
817 4108 898 4171 dicti
921 4109 985 4172 loci
1008 4109 1050 4172 de
1068 4107 1204 4193 Qwitlis
1216 4109 1329 4172 euicit.
1382 4110 1513 4174 Dicunt

407 4211 515 4275 eciam
556 4208 646 4272 idem
688 4206 796 4290 Jurati
837 4208 931 4289 quod
975 4209 1177 4289 (tempore)¹
1217 4209 1308 4271 bone
1348 4211 1512 4274 memorie

410 4309 542 4394 Rogeri
575 4306 752 4390 Archiep’i
784 4307 947 4371 viderunt
983 4328 1112 4389 paucos
1150 4308 1323 4371 multones
1354 4322 1387 4372 et
1425 4309 1513 4394 hog-

408 4410 474 4491 (20)
495 4420 641 4493 gastreS,
661 4407 873 4490 quandoque
893 4408 961 4482 lxv,
982 4407 1194 4488 quandoque
1210 4407 1399 4491 octoginta,
1418 4409 1511 4490 apud

410 4508 551 4594 Qwitiis,
578 4507 621 4571 de
648 4508 777 4589 quibus
803 4507 997 4570 Herbertus
1024 4506 1191 4588 presbiter
1217 4506 1300 4569 dicit
1323 4527 1360 4570 se
1383 4506 1513 4571 vidisse

409 4608 587 4672 ecclesiam
609 4607 651 4669 de
675 4605 793 4688 Ripon
816 4604 1005 4688 percipisse
1025 4603 1177 4667 decimas
1199 4604 1343 4689 integre.
1393 4604 1512 4669 Will's

474 4788 481 4811 ¹
501 4783 633 4831 Inserted.
