3950 5625
455 729 519 779 212
742 713 820 777 Tira
845 713 1001 778 lncani
1025 712 1272 778 Maxuscxrer.

456 891 615 976 Capitulo
644 893 735 957 dicte
764 892 901 957 ecclesie
930 891 1114 977 Collegiate
1143 892 1244 956 dictis
1273 891 1501 957 Canonicatui
1529 896 1562 955 et

456 998 627 1081 prebende
647 997 855 1081 pertinentia
874 999 918 1060 ab
938 997 1083 1082 antiquo
1102 996 1325 1072 decernimus,
1346 997 1457 1061 eciam
1476 1003 1512 1060 te
1530 997 1563 1060 in

456 1102 666 1184 corporalem
684 1102 931 1186 possessionem
949 1101 1041 1165 dicte
1059 1102 1230 1184 prebende
1248 1121 1327 1166 curn
1346 1100 1417 1165 suis
1435 1101 1565 1166 iuribus

456 1212 490 1269 et
507 1205 727 1289 pertinenciis
744 1206 910 1270 uniuersis
927 1225 986 1288 per
1003 1205 1166 1270 dilectum
1183 1205 1391 1270 confratrem
1408 1211 1565 1272 nostrum

456 1311 634 1375 dominum
682 1310 869 1374 Henricum
917 1310 1047 1385 Bowet,
1095 1309 1305 1375 Canonicum
1352 1310 1432 1375 eccl.
1483 1309 1563 1374 Coll.

456 1414 618 1498 predicte,
643 1421 677 1478 et
700 1414 964 1497 prebendarium
987 1414 1159 1498 prebende
1182 1414 1224 1479 de
1247 1414 1363 1498 Thorp
1386 1414 1422 1478 in
1445 1415 1565 1478 eadem

457 1520 528 1583 fore
567 1518 748 1583 actualiter
785 1519 1027 1594 inducendum,
1068 1519 1220 1602 Juribus,
1260 1518 1491 1595 libertatibus,
1531 1524 1565 1582 et

456 1623 762 1687 consuetudinibus
787 1623 913 1687 nostris
938 1630 972 1687 et
999 1623 1136 1687 ecclesie
1162 1628 1277 1687 nostre
1303 1622 1385 1688 Coll.
1412 1623 1565 1708 predicte

457 1727 491 1791 in
525 1728 683 1791 omnibus
716 1748 849 1810 semper
881 1727 995 1792 saluis.
1044 1728 1084 1792 In
1118 1728 1214 1792 cuius
1246 1727 1293 1791 rei
1327 1727 1565 1793 testimonium

456 1831 603 1915 sigillum
634 1838 790 1895 nostrum
821 1852 1002 1897 commune
1033 1832 1248 1915 presentibus
1278 1838 1330 1895 est
1361 1852 1563 1916 appensum.

457 1935 538 2000 Dat.
553 1936 587 2000 in
601 1936 703 2000 domo
716 1943 835 2000 nostra
847 1935 1047 2019 Capitulari,
1061 1957 1152 2001 nono
1165 1936 1220 2001 die
1232 1936 1358 2000 mensis
1372 1936 1563 2020 Septembr.

456 2039 557 2104 Anno
577 2040 656 2104 D’ni
676 2040 819 2104 mill'mo
838 2051 952 2104 ccccm⁰
971 2041 1142 2105 tricesimo
1161 2047 1270 2106 sext0.

662 2231 749 2316 (298)
776 2233 1041 2296 Appomrurnr
1064 2250 1110 2298 or
1133 2232 1448 2298 Sus-rxaxsoxsx.

542 2374 711 2439 Omnibus
735 2375 793 2458 xpi
817 2373 974 2439 fidelibus
997 2375 1042 2438 ad
1064 2395 1151 2460 quos
1173 2379 1348 2457 presentes
1370 2374 1469 2439 litere
1492 2395 1564 2459 per·

454 2479 622 2555 uenerint,
660 2478 742 2554 Nos,
780 2479 930 2543 Thomas
967 2479 1095 2562 Bryan,
1133 2478 1324 2543 Canonicus
1361 2479 1442 2544 eccl.
1481 2479 1561 2544 c011.

455 2583 520 2648 S'ci
557 2583 704 2647 Wilfridi
737 2583 862 2667 Ripon’
901 2603 940 2646 ac
977 2583 1235 2648 residenciarius
1267 2589 1302 2646 et
1330 2583 1564 2649 thesaurarius

454 2688 616 2763 eiusdem,
653 2688 800 2752 salutem
836 2687 870 2750 in
906 2687 1060 2751 omnium
1096 2687 1284 2751 Saluatore.
1331 2688 1563 2755 Attendentes

454 2796 553 2877 grata
568 2797 602 2856 et
617 2791 804 2858 laudabilia
819 2791 983 2875 obsequia
997 2812 1065 2877 que
1080 2791 1224 2856 dilectus
1239 2790 1338 2856 nobis
1352 2792 1430 2857 d’ns
1446 2792 1563 2876 Joh'es

455 2897 621 2980 Frankys,
651 2897 864 2980 Capellanus‚
893 2896 992 2960 nobis
1020 2902 1054 2959 et
1082 2897 1160 2961 eccl.
1190 2895 1271 2961 Coll.
1301 2897 1455 2980 predicte
1483 2904 1564 2962 ante

454 3002 516 3065 hec
539 3007 695 3085 tempora
717 3006 894 3085 gratanter
916 3000 1084 3076 exhibuit,
1107 3006 1352 3085 sperantesque
1374 3002 1470 3086 quod
1493 3002 1564 3086 ipse

455 3106 489 3169 in
511 3106 636 3170 nostris
658 3111 692 3168 et
715 3105 805 3169 dicte
827 3104 906 3169 eccl.
930 3109 1046 3168 nostre
1068 3104 1207 3189 agendis
1229 3124 1288 3168 sue
1310 3105 1508 3170 affeccionis
1530 3112 1564 3171 et

455 3210 694 3274 beneuolencie
723 3209 912 3292 puritatem
942 3214 976 3271 et
1006 3208 1221 3274 industriam
1241 3209 1461 3275 continuabit
1490 3232 1564 3276 suc·

455 3315 592 3379 cessiuis
629 3314 764 3378 actibus
801 3314 836 3377 in
874 3313 1041 3388 futurum,
1079 3313 1234 3377 volentes
1272 3312 1384 3397 ipsum
1422 3335 1564 3380 munere

455 3419 613 3504 prosequi
634 3418 794 3502 graciose,
817 3417 1045 3482 concessimus
1065 3417 1175 3481 eidem
1196 3417 1278 3481 d'no
1298 3417 1392 3501 Joh’i
1412 3418 1563 3485 officium

455 3522 738 3588 Subthesaurarie
769 3521 952 3606 Collegiate
982 3521 1145 3605 predicte,
1177 3521 1324 3586 habend.
1357 3527 1391 3585 et
1423 3525 1562 3589 tenend.

454 3626 563 3691 eidem
595 3626 676 3690 d'no
708 3625 800 3709 Joh'i
828 3625 977 3689 officium
1005 3625 1197 3710 predictum
1225 3625 1392 3710 quamdiu
1423 3626 1562 3703 vixerit,

453 3751 532 3795 cum
563 3730 721 3795 omnibus
751 3730 821 3794 suis
851 3729 969 3805 feodis,
1002 3729 1307 3795 commoditatibus
1337 3736 1372 3793 et
1403 3731 1564 3814 proficuis

453 3834 619 3899 uniuersis
641 3835 751 3899 eidem
773 3834 883 3898 officio
905 3834 1166 3918 pertinentibus
1215 3834 1256 3898 In
1277 3834 1374 3899 cuius
1396 3834 1444 3899 rei
1467 3837 1562 3900 testi-

453 3939 607 4003 monium
636 3938 783 4023 sigillum
812 3944 969 4002 nostrum
999 3936 1231 4021 apposuimus.
1280 3938 1360 4002 Dat.
1392 3939 1478 4003 xxix
1508 3940 1562 4003 die

453 4043 612 4125 Octobris
630 4043 730 4108 Anno
749 4042 829 4106 D'ni
848 4041 991 4105 Mill’mo
1009 4052 1122 4106 cccc'''⁰
1140 4042 1288 4125 xxxvij⁰.

452 4252 493 4322 74
507 4262 538 4306 v.
629 4235 716 4317 (299)
743 4233 879 4297 Pensm
903 4233 979 4296 u'ru
1004 4232 1131 4296 Roa’n
1154 4232 1383 4298 Aaxnwxxa.

540 4376 714 4441 Vniuersis
759 4381 877 4439 sancte
921 4375 1043 4439 matris
1086 4373 1224 4438 ecclesie
1265 4374 1344 4458 filijs
1385 4382 1558 4459 presentes

452 4480 568 4545 literas
606 4479 819 4563 inspecturis,
859 4477 940 4553 Nos,
979 4477 1170 4562 capitulum
1208 4477 1345 4542 ecclesie
1383 4480 1559 4565 collegiate

453 4584 589 4669 Ripon',
620 4584 766 4647 salutem
796 4582 831 4646 in
861 4602 900 4646 eo
929 4602 1033 4666 quem
1062 4582 1194 4666 peperit
1224 4588 1342 4645 vterus
1371 4583 1555 4668 virginalis.

451 4688 675 4753 Vniuersitati
704 4692 817 4751 vestre
846 4691 963 4751 tenore
992 4687 1204 4771 presencium
1234 4686 1436 4751 intimamus
1464 4686 1556 4772 quod

451 4814 529 4859 cum
555 4794 624 4856 iam
650 4792 783 4878 pridem
810 4792 886 4856 d'ns
914 4791 1087 4856 Robertus
1112 4790 1319 4875 Abberwyk‚
1347 4791 1497 4858 vicarius
1522 4791 1556 4856 in
