3950 5625
490 713 552 779 142
774 695 852 760 Tua
877 696 1033 760 lnonssx
1057 697 1303 764 Manuscnrrr.

283 870 422 920 violation
436 873 465 922 0f
576 875 666 940 Item
707 881 880 941 statutum
922 882 973 939 est
1015 876 1043 939 si
1083 876 1161 960 quis
1202 877 1407 941 temeritatis
1449 879 1598 943 audacia

272 943 473 1055 t,{{qi¹,i³{f,ii}s
487 985 701 1063 sequestrum
739 1000 800 1064 per
837 979 1035 1062 Capitulum
1074 980 1315 1064 interpositum
1353 981 1481 1046 violare
1520 1003 1597 1066 pre-

284 1074 472 1188 θχὲἓξῖἒίιξῑῃί·
487 1084 680 1167 sumpserit,
709 1083 1076 1148 excommunicacionis
1104 1084 1245 1148 incurrit
1277 1085 1488 1149 sentenciam
1520 1086 1597 1169 ipso

488 1188 591 1253 lacto.

284 1331 463 1394 Provicanys.
575 1330 664 1394 Item
687 1330 884 1394 ordinatum
907 1335 941 1393 et
964 1334 1138 1393 statutum
1161 1331 1329 1414 estquod
1352 1331 1379 1394 si
1402 1330 1551 1396 vicarius
1574 1353 1595 1396 a

279 1421 464 1538 Vidridbibrbe
485 1431 596 1498 Choro
626 1454 660 1498 se
691 1434 936 1509 absentauerit,
967 1434 1108 1498 licencia
1137 1455 1206 1499 non
1237 1435 1348 1518 petita
1374 1441 1408 1499 et
1434 1441 1592 1518 optenta,

272 1555 470 1632 absencerrom
485 1537 549 1601 nisi
575 1558 636 1621 per
661 1537 747 1602 Cure
773 1557 832 1602 sue
859 1537 1062 1601 exercicium
1088 1537 1238 1622 legitime
1265 1538 1367 1603 fuerit
1394 1539 1593 1623 impeditus,

271 1622 471 1737 cuppffiqqqqut
485 1661 587 1724 super
604 1662 674 1725 quo
694 1641 878 1725 requisitus
898 1641 1001 1705 fidem
1021 1641 1126 1705 faciat
1146 1642 1284 1726 proprio
1304 1642 1508 1718 iuramento,
1530 1664 1594 1727 pro

326 1771 416 1805 cause.
485 1744 625 1829 singulis
642 1745 732 1809 horis
749 1745 935 1809 maioribus
952 1745 1017 1809 viz.
1036 1745 1227 1821 matutinis,
1246 1746 1360 1821 missa,
1379 1753 1413 1810 et
1430 1749 1591 1830 vesperis

484 1849 610 1934 quibus
632 1849 686 1913 vel
708 1870 777 1934 qua
799 1849 912 1933 ipsum
934 1870 954 1913 a
976 1848 1087 1913 Choro
1109 1851 1227 1913 abesse
1249 1850 1441 1935 contigerit,
1465 1850 1507 1914 de
1529 1872 1592 1917 suo

484 1953 655 2037 stipendio
689 1953 711 2037 ij
749 1953 878 2018 denarii
913 1974 973 2036 per
1007 1953 1239 2018 Camerarium
1273 1953 1422 2037 Capituli
1456 1956 1592 2019 subtra-

484 2058 633 2133 hantur;
659 2078 719 2141 per
746 2058 837 2122 horis
865 2078 947 2122 vero
975 2058 1164 2123 minoribus
1192 2059 1380 2124 secundum
1409 2059 1591 2124 arbitrium

483 2162 632 2246 Capituli
650 2162 849 2246 puniantur.

315 2373 319 2382 ,
345 2306 398 2381 1³⁷0,
571 2305 715 2370 Diaconi
733 2325 814 2369 vero
831 2310 865 2368 et
883 2304 1094 2379 subdiaconi,
1113 2305 1141 2368 si
1158 2325 1215 2368 eos
1232 2305 1287 2369 vel
1304 2325 1421 2370 eorum
1439 2305 1589 2390 aliquem

290 2373 449 2488 {mm
484 2411 601 2475 abesse
623 2410 815 2495 contigerit,
839 2416 879 2473 vt
900 2408 1080 2492 prefertur,
1104 2428 1166 2492 pro
1187 2408 1341 2493 qualibet
1364 2409 1448 2473 hora
1459 2410 1590 2475 maiori

307 2523 433 2572 Deacons
484 2515 664 2579 amissione
690 2515 791 2579 vnius
817 2512 946 2578 denarii
972 2512 1173 2577 multentur.
1221 2512 1305 2576 Aliis
1330 2533 1412 2576 vero
1438 2514 1590 2598 antiquis

273 2590 466 2705 fflfflfgggcffis·
483 2619 626 2684 statutis
644 2619 781 2683 ecclesie
801 2618 843 2682 de
862 2617 935 2682 aliis
954 2637 1017 2700 pro
1036 2622 1190 2700 tempore
1209 2617 1365 2681 absencie
1384 2617 1590 2682 vicariorum
1685 2615 1689 2623 ’

484 2724 743 2798 substituendis,
770 2723 895 2808 quibus
920 2721 1063 2786 statutis
1088 2721 1249 2805 derogare
1274 2741 1343 2785 non
1368 2721 1589 2797 intendimus,

484 2828 519 2893 in
537 2849 599 2893 suo
618 2830 738 2893 robore
756 2834 923 2912 perpetuo
942 2825 1126 2892 duraturis

282 2985 326 3034 No
339 2986 413 3034 clerk
427 2989 458 3034 to
572 2971 672 3047 Item,
710 2970 804 3055 quod
841 2969 954 3035 nullus
991 2968 1131 3033 clericus
1168 2967 1345 3033 ordinetur
1381 2968 1590 3033 auctoritate

269 3052 313 3182 ἐξ
323 3053 467 3183 ζὲῗζζῗξέγ
483 3074 642 3159 Capituli,
665 3094 776 3159 neque
798 3074 843 3138 ad
866 3073 1007 3138 titulum
1029 3072 1166 3136 ecclesie
1188 3072 1233 3136 ad
1255 3073 1390 3137 ordines
1412 3073 1454 3138 de
1475 3080 1589 3137 cetero

287 3186 317 3235 οἱ
329 3187 451 3250 chapter
482 3186 737 3264 promoueatur,
757 3180 821 3243 nisi
841 3178 943 3244 fuerit
963 3178 1005 3241 de
1025 3178 1145 3253 Choro,
1166 3176 1220 3241 vel
1239 3178 1373 3241 steterit
1393 3178 1427 3242 in
1446 3178 1589 3243 seruicio

270 3253 360 3301 unless
371 3254 405 3301 he
418 3253 467 3313 has
518 3284 524 3296 .
574 3284 580 3295 ·
759 3283 796 3295 .·
1156 3282 1162 3293 .
1278 3281 1283 3293 .
1480 3282 1485 3294 .
1558 3283 1564 3294 .

267 3321 365 3368 served
378 3320 406 3368 1„
420 3320 468 3368 the
482 3284 624 3349 alicuius
638 3283 809 3358 Canonrcr,
825 3288 859 3346 et
873 3282 967 3368 quod
980 3288 1065 3346 tunc
1078 3281 1140 3345 liat
1154 3303 1188 3346 rn
1203 3281 1363 3365 Capitulo
1376 3302 1588 3347 examinacio

278 3386 456 3502 ἳξὲἑῦξοὲἓὲ
482 3388 636 3472 specialis
654 3408 769 3451 coram
784 3386 962 3450 Canonicis
980 3391 1065 3450 tunc
1080 3385 1115 3449 in
1131 3385 1271 3450 ecclesia
1289 3386 1526 3461 residentibus
1547 3386 1589 3450 de

311 3492 428 3583 uorthy.
482 3492 747 3566 conditionibus,
782 3490 944 3565 moribus,
979 3490 1063 3565 vita,
1098 3495 1132 3553 et
1166 3489 1345 3555 literatura
1378 3490 1589 3575 singularum

483 3616 705 3681 personarum
731 3594 1010 3670 ordinandarum,
1038 3600 1073 3657 et
1099 3593 1158 3677 qui
1185 3593 1279 3678 digni
1305 3594 1438 3659 inuenti
1464 3594 1591 3659 fuerint

482 3705 774 3785 promoueantur;
799 3699 858 3784 qui
870 3703 987 3763 autem
999 3696 1128 3782 indigni
1139 3697 1336 3763 nullatenus
1346 3698 1588 3764 admittantur.

295 3850 339 3899 No
351 3849 437 3897 leases
570 3844 670 3919 Item,
686 3842 780 3928 quod
795 3841 837 3906 de
851 3848 964 3905 cetero
978 3861 1047 3905 non
1062 3839 1148 3904 fiant
1164 3839 1376 3905 dimissiones
1390 3840 1588 3906 reddituum

278 3916 455 4047 ῂξζξζῇθῗέῃ
482 3947 677 4012 tenencium
700 3946 755 4010 vel
778 3952 946 4010 terrarum
969 3944 1024 4008 vel
1047 3943 1213 4009 domuum
1236 3965 1520 4030 quarumcunque
1543 3944 1588 4009 ad

324 4064 412 4114 years,
480 4071 735 4138 quamcumque
763 4050 973 4135 prebendam
1001 4047 1235 4132 spectancium
1264 4048 1355 4112 vltra
1382 4048 1537 4132 spacium
1565 4069 1587 4112 x

481 4177 660 4231 annorum,
679 4156 751 4219 sine
769 4153 908 4238 speciali
928 4158 1082 4217 tractatu
1101 4151 1135 4215 in
1153 4151 1319 4235 solempni
1338 4152 1587 4217 conuocacione

480 4282 583 4345 super
602 4262 667 4325 hoc
687 4258 857 4334 habendo,
880 4257 1039 4322 omnibus
1060 4261 1094 4319 et
1111 4255 1251 4340 singulis
1267 4257 1440 4321 canonicis
1456 4257 1589 4320 vocatis

303 4367 394 4415 unless
407 4366 435 4441 if}
481 4366 630 4451 legitime
657 4384 716 4429 seu
742 4362 868 4438 citatis,
898 4367 933 4425 et
960 4367 1044 4426 tunc
1070 4360 1131 4424 fiat
1158 4360 1337 4445 inquisicio
1364 4361 1518 4445 specialis
1545 4382 1589 4425 an

275 4432 457 4547 verpasqueral
480 4468 676 4535 huiusmodi
694 4466 926 4531 dimissionem
944 4465 1016 4529 fieri
1034 4484 1157 4549 vrgens
1174 4464 1359 4529 necessitas
1369 4450 1431 4529 'vel
1449 4464 1589 4529 euidens

481 4574 618 4639 ecclesie
645 4571 777 4636 vtilitas
804 4575 1003 4653 exposcant,
1026 4574 1061 4633 et
1084 4575 1212 4633 extunc
1233 4567 1292 4632 fiet
1314 4568 1512 4657 reprobacio
1532 4568 1588 4631 vel

480 4677 698 4744 confirmacio
729 4681 832 4759 prout
864 4675 1039 4741 videbitur
1069 4674 1241 4739 canonicis
1272 4672 1417 4736 vtitilati
1449 4670 1586 4745 ecclesie

481 4782 650 4869 expedire.
