3950 5625
776 739 873 804 Acts
897 757 945 803 or
968 737 1158 805 Cnnrren.
1479 750 1520 814 35

409 917 515 981 Elene
554 915 658 980 vxori
697 914 807 1000 Joh’is
840 915 884 979 de
924 915 1076 997 Dreng,·l
1124 913 1183 998 [Et
1223 926 1300 996 post
1338 913 1517 976 decessum

405 1016 598 1080 eorundem
631 1015 679 1079 do
705 1028 738 1079 et
769 1015 849 1098 lego
881 1013 1010 1078 fabrice
1040 1013 1184 1078 ecclesie
1218 1011 1371 1096 Rypon’.
1432 1012 1517 1075 Item

406 1115 535 1181 fabrice
561 1115 681 1198 pontis
708 1114 750 1179 de
780 1113 918 1198 Hewyk
945 1111 998 1196 ijs
1062 1113 1146 1176 Item
1175 1111 1303 1176 fabrice
1332 1111 1448 1194 pontis
1475 1110 1518 1174 de

409 1215 608 1298 Bishopton
635 1212 688 1298 ijs.
755 1213 839 1277 Item
866 1212 978 1276 Alicie
1002 1212 1099 1276 vxori
1124 1211 1234 1296 Joh'is
1250 1251 1292 1259 -
1317 1211 1402 1275 Item
1426 1209 1516 1293 Joh’i

408 1313 529 1378 Schot'
562 1314 606 1378 de
647 1312 785 1396 Hewyk
807 1333 879 1376 -s.
942 1313 1026 1375 Item
1055 1314 1135 1395 lego
1162 1310 1251 1395 Joh'i
1280 1309 1353 1374 lilio
1380 1310 1518 1373 Thome

408 1413 529 1480 Carter
553 1412 620 1498 iijs.
673 1414 757 1476 Item
786 1451 887 1461 -—
914 1411 1027 1475 Alicie
1054 1411 1151 1475 vxori
1180 1431 1243 1475 sue
1270 1409 1360 1493 xiijs.
1389 1408 1516 1493 iiijd.]¹

406 1527 441 1578 et
469 1513 579 1578 Elene
605 1511 703 1577 vxori
728 1530 791 1575 sue
814 1509 905 1594 xiijs.
934 1509 1018 1594 iiijd.
1048 1509 1143 1594 proj
1167 1510 1312 1574 arcade
1338 1509 1512 1572 Flandria.

410 1615 496 1678 Item
515 1615 597 1697 lego
614 1635 635 1673 v
660 1613 766 1676 lectos
789 1609 1052 1675 distribuendos
1077 1610 1289 1693 pauperibus
1314 1631 1376 1692 pro
1398 1609 1516 1673 anima

410 1734 497 1776 mea.
564 1713 650 1776 Item
684 1712 765 1794 lego
802 1709 931 1774 fabrice
964 1710 1169 1794 Esgatbryg
1200 1709 1253 1793 ijs.
1320 1709 1514 1774 Residuum

408 1833 492 1876 vero
520 1815 693 1876 bonorum
723 1830 878 1874 meorum
908 1809 1186 1892 supradictorum
1219 1830 1286 1872 non
1321 1811 1514 1893 legatorum

409 1912 455 1976 do
471 1923 505 1976 et
521 1912 603 1996 lego
617 1910 709 1994 Joh'i
727 1909 843 1975 Grene
860 1920 893 1972 et
910 1908 1022 1972 Alicie
1039 1907 1108 1972 lille
1134 1929 1208 1972 mee
1232 1922 1268 1971 vt
1291 1930 1368 1973 cum
1394 1908 1515 1972 eodem

411 2011 551 2075 residuo
574 2010 703 2074 faciant
723 2009 845 2072 diuina
860 2007 1026 2071 celebrari
1050 2028 1112 2090 pro
1135 2008 1253 2070 anima
1276 2022 1309 2072 et
1332 2008 1518 2071 animabus

409 2111 570 2176 omnium
597 2109 753 2173 fidelium
781 2105 1049 2181 defunctorum3
1081 2120 1112 2170 et
1144 2107 1186 2170 ad
1215 2107 1334 2170 omnia
1366 2106 1518 2188 predicta

410 2212 527 2295 legata
550 2208 697 2273 fideliter
720 2206 889 2281 facienda,
910 2205 1083 2288 predictos
1098 2204 1294 2289 Johannem
1318 2220 1351 2270 et
1367 2206 1515 2270 Aliciam

411 2309 500 2373 facio
533 2321 567 2372 et
597 2306 773 2371 constituo
804 2318 1005 2370 executores
1038 2326 1133 2370 meos
1165 2320 1200 2369 vt
1232 2306 1297 2388 ipsi
1329 2306 1518 2389 disponant

412 2430 475 2493 pro
505 2409 623 2472 anima
656 2428 733 2471 mea
764 2427 826 2489 pro
854 2419 890 2469 vt
921 2406 1047 2469 melius
1078 2406 1227 2470 viderint
1249 2407 1422 2487 expedire.
1477 2407 1516 2468 In

412 2509 511 2574 cuius
536 2508 582 2572 rei
607 2505 845 2571 testimonium
871 2506 951 2569 huic
968 2506 1118 2588 presenti
1136 2517 1343 2570 testamento
1359 2506 1515 2589 sigillum

414 2630 529 2673 meum
568 2607 729 2690 apposui
806 2605 886 2668 Dat.
928 2605 1021 2687 apud
1066 2605 1219 2689 Rypon'‚
1261 2605 1316 2668 die
1354 2619 1387 2668 et
1424 2625 1518 2668 anno

414 2707 633 2791 supradictis,

415 2886 452 2951 14
465 2891 497 2934 v.
633 2870 704 2950 (38)
731 2869 788 2930 De
813 2866 983 2932 ciprum
1010 2885 1058 2929 nl:
1083 2867 1287 2931 Cttnunnss

501 3006 679 3070 Omnibus
718 3007 775 3089 xpi
812 3002 973 3067 fidelibus
1012 3004 1054 3066 ad
1094 3025 1183 3086 quos
1216 3018 1392 3086 presentes
1423 3004 1519 3068 litere
1536 3012 1712 3074 ¹35¹‚Senl·¹

414 3107 590 3171 indentate
604 3107 836 3189 peruenerint,
853 3106 1053 3189 Capitulum
1068 3109 1149 3171 eccl.
1163 3107 1346 3190 collegiate
1363 3108 1515 3192 Rypon’‚

413 3207 561 3270 salutem
580 3206 613 3268 in
632 3205 725 3269 D’no
737 3207 997 3289 sempiternam.
1037 3206 1213 3270 Noueritis
1228 3228 1291 3271 nos
1304 3209 1518 3272 concessisse

410 3305 500 3390 Joh'i
514 3306 557 3369 de
570 3303 725 3371 Cluther'
738 3305 820 3370 d’no
833 3307 876 3371 de
888 3308 1022 3384 eadem,
1039 3321 1071 3370 et
1088 3307 1274 3372 heredibus
1290 3308 1373 3386 suis
1391 3308 1517 3373 habere

411 3406 599 3487 quamdam
625 3405 813 3468 cantariam
840 3407 928 3470 infra
954 3407 1125 3489 capellam
1154 3428 1253 3470 suam
1282 3407 1324 3471 de
1348 3406 1514 3484 Cluther’‚

410 3517 442 3567 et
484 3526 592 3568 vnum
637 3504 856 3587 capellanum
904 3507 1113 3571 seruientem
1162 3507 1300 3578 ibidem.
1342 3508 1443 3572 saluo
1482 3509 1515 3571 in

410 3604 574 3668 omnibus
588 3604 661 3668 iure
674 3603 763 3668 dIcte
776 3606 920 3670 ecclesie
935 3620 1051 3670 nostre
1064 3608 1130 3669 sub
1144 3606 1208 3671 hac
1221 3606 1342 3683 forma,
1358 3607 1518 3672 videlicet

410 3704 503 3786 quod
522 3704 696 3787 predictus
711 3703 829 3787 Joh’es
846 3720 878 3770 et
895 3706 1039 3770 heredes
1063 3707 1117 3770 sui
1143 3709 1392 3789 presentabunt
1416 3707 1517 3771 nobis

409 3804 538 3868 dictum
556 3805 777 3886 capellanum
795 3818 984 3887 antequam
1005 3806 1037 3867 in
1059 3806 1150 3869 dicta
1174 3807 1307 3889 capella
1332 3806 1512 3871 ministret.

409 3903 544 3987 Jurabit
567 3903 676 3968 eciam
703 3904 792 3968 idem
818 3906 1021 3988 capellanus
1045 3907 1087 3969 de
1114 3905 1343 3988 Idempnitate
1367 3906 1518 3971 oblacio-

413 4024 495 4066 num
514 4016 547 4068 et
563 4004 722 4068 omnium
742 4004 990 4069 beneficiorum
1008 4027 1076 4087 que
1092 4005 1285 4087 antiquitus
1301 4018 1334 4069 et
1357 4005 1399 4069 de
1425 4026 1517 4069 nouo

411 4103 454 4166 ad
479 4102 659 4167 ecclesiam
687 4116 839 4167 nostram
867 4106 1054 4187 predictam
1081 4105 1250 4187 pertinere
1274 4103 1513 4181 dinoscuntur,

412 4215 444 4266 et
466 4202 561 4285 quod
584 4202 697 4267 dictus
721 4205 923 4286 capellanus
946 4203 1060 4267 fidelis
1087 4218 1120 4267 et
1147 4204 1314 4268 obediens
1341 4203 1404 4267 erit
1431 4205 1512 4267 eccl.

414 4315 528 4366 nostre
546 4302 696 4385 predicte
712 4314 745 4367 et
761 4303 924 4386 Capitulo
948 4316 980 4368 et
998 4304 1177 4368 Canonico
1200 4316 1233 4367 et
1257 4302 1517 4367 successoribus

413 4402 486 4466 suis
501 4402 545 4466 ad
562 4401 662 4467 cuius
683 4404 893 4486 prebendam
920 4404 1085 4486 parochia
1110 4403 1168 4466 illa
1193 4402 1350 4485 pertinet,
1372 4422 1434 4465 nec
1457 4423 1518 4466 eos

415 4501 448 4563 in
464 4502 585 4584 aliquo
601 4502 695 4584 quod
712 4515 843 4585 spectet
859 4503 902 4566 ad
920 4504 974 4566 ius
997 4503 1148 4566 matricis
1171 4502 1314 4565 ecclesie
1338 4500 1519 4564 defrauda-

417 4601 475 4665 bit.
531 4601 713 4666 Predictus
738 4623 818 4667 vero
841 4601 958 4685 Joh'es
981 4614 1015 4665 et
1039 4601 1182 4665 heredes
1205 4600 1258 4664 sui
1284 4621 1361 4665 cum
1388 4598 1519 4663 familia

483 4756 490 4777 ¹
510 4752 538 4799 In
552 4768 568 4800 a
581 4752 706 4801 different
719 4754 790 4801 hand
804 4761 831 4801 at
845 4752 890 4801 the
904 4751 959 4799 foot
974 4749 1005 4798 of
1019 4750 1065 4796 the
1078 4763 1159 4810 page,
1174 4749 1237 4796 with
1252 4748 1261 4812 ll
1276 4749 1318 4797 for
1331 4766 1349 4799 a
1367 4748 1518 4800 reference·

421 4829 505 4878 mark.
