3950 5625
684 713 778 779 Acrs
802 731 848 778 or
870 714 1049 778 Cunerum
1359 728 1421 795 147

316 897 375 955 aut
398 891 433 955 in
456 897 631 975 posterum
654 893 863 978 acquirendo
884 893 1042 977 compelli
1064 894 1179 957 valeat
1201 913 1260 957 seu
1282 891 1422 955 valeant

315 995 413 1059 vobis
428 997 616 1060 autoritate
630 997 844 1081 presencium
859 997 901 1061 de
915 997 1053 1080 speciali
1067 997 1181 1081 gracia
1195 996 1421 1080 indulgemus,

316 1099 557 1165 decementes1
582 1102 717 1165 irritum
742 1108 776 1165 et
804 1102 905 1165 inane
929 1100 1093 1186 quicquid
1121 1106 1242 1164 contra
1269 1106 1423 1163 tenorem

315 1203 415 1268 huius
457 1205 669 1289 indulgencie
710 1212 962 1288 attemptatum
1004 1205 1107 1269 fuerit
1147 1203 1202 1267 vel
1243 1203 1423 1288 contigerit

316 1309 517 1391 attemptari
540 1309 848 1374 constitucionibus
870 1316 904 1373 et
928 1308 1206 1372 ordinacionibus
1228 1307 1424 1390 apostolicis

315 1411 349 1475 in
380 1411 523 1475 concilio
554 1413 702 1497 generali
733 1413 788 1476 vel
819 1413 893 1477 aliis
924 1413 958 1477 in
986 1412 1197 1476 contrarium
1223 1411 1324 1475 editis
1354 1431 1424 1475 non

316 1515 535 1579 obstantibus
571 1517 845 1601 quibuscumque
881 1517 965 1581 nulli
1002 1536 1081 1600 ergo
1118 1515 1257 1579 omnino
1294 1515 1424 1579 homini

315 1619 415 1683 liceat
436 1621 525 1683 hanc
544 1622 707 1704 paginam
727 1627 842 1685 nostre
863 1621 1089 1709 concessionis
1109 1626 1144 1683 et
1164 1619 1424 1684 constitucionis

317 1723 497 1808 intringere
514 1724 568 1787 vel
585 1724 615 1787 ei
632 1745 718 1789 ausu
734 1725 914 1789 temerario
931 1725 1110 1788 contraire.
1164 1723 1291 1807 Siquis
1307 1729 1425 1787 autem

316 1826 376 1891 hec
400 1833 611 1911 attemptare
634 1829 855 1912 presumserit
878 1828 1152 1912 indignacionem
1177 1828 1425 1910 omnipotentis

317 1931 379 1994 Dei
411 1937 446 1994 et
479 1933 660 1997 beatorum
694 1933 786 1995 Petri
818 1938 853 1996 et
887 1933 983 1996 Pauli
1017 1932 1251 2015 apostolorum
1284 1931 1356 1995 eius
1388 1951 1423 1993 se

317 2036 450 2099 nouerit
470 2036 695 2101 incursurum.
743 2037 824 2100 Dat.
843 2037 953 2100 Rome
975 2037 1068 2119 apud
1093 2036 1258 2099 Sanctum
1283 2036 1424 2099 Petrum

309 2160 394 2204 non.
416 2140 573 2224 Augusti,
595 2140 822 2226 Pontificatus
840 2140 949 2204 nostri
968 2161 1060 2204 anno
1078 2141 1200 2223 primo,

759 2282 846 2366 (217)
874 2282 986 2346 Norr.

402 2396 529 2461 Omnia
553 2403 632 2460 acta
657 2397 758 2461 huius
784 2419 872 2481 pape
898 2398 1074 2461 Boneiacii
1100 2398 1191 2471 noni,
1217 2396 1425 2482 quibusdam

318 2502 477 2584 exceptis
507 2484 647 2566 fuerunt
676 2508 847 2577 reuocata,
876 2503 959 2587 quia
987 2503 1089 2566 multi
1118 2501 1246 2565 falsarii
1275 2501 1425 2564 tollerati

318 2612 395 2669 sunt
414 2605 448 2668 in
468 2610 622 2689 tempore
641 2620 726 2669 suo2
748 2606 901 2689 (secunda
921 2608 1050 2689 manu).

823 2748 923 2828 (218).

402 2864 589 2928 Consilium
602 2864 830 2929 Lateranense
847 2865 1032 2929 Alexandri
1050 2866 1117 2949 iijcii
1135 2864 1201 2928 fuit
1213 2864 1424 2929 celebratum

318 2967 416 3031 Anno
451 2968 532 3031 D'ni
564 2968 705 3032 Mill'mo
736 2980 796 3032 c¹¹¹0
827 2970 933 3034 lxxix.
981 2969 1211 3033 Lateranense
1245 2969 1423 3033 consilium

317 3072 469 3155 generale
498 3072 692 3136 Innocencii
720 3073 828 3156 tercii,
858 3073 899 3137 de
931 3094 1001 3158 quo
1028 3073 1181 3157 loquitur
1210 3086 1275 3136 cam
1303 3093 1422 3155 nuper,

318 3182 423 3240 extra.
446 3176 488 3239 de
510 3176 660 3252 decimis
679 3177 744 3241 fuit
761 3177 971 3242 celebratum
988 3176 1089 3246 Anno
1105 3177 1186 3240 D'ni
1207 3178 1251 3240 ab
1271 3177 1424 3240 incarna-

318 3280 410 3344 cione
447 3280 599 3343 eiusdem
632 3281 809 3344 Millesimo
841 3294 920 3345 ccnlo
951 3294 1051 3357 xvm0,
1078 3301 1193 3344 mense
1225 3280 1423 3356 Novembr,

319 3383 543 3447 Pontificatus
565 3384 616 3448 sui
637 3385 739 3468 xviij⁰
760 3405 861 3466 anno,
887 3391 926 3449 vt
951 3391 1051 3449 notat
1076 3385 1359 3467 archiepiscopus,
1382 3386 1424 3448 de

318 3488 477 3573 religiosis
493 3487 662 3563 domibus
684 3509 733 3553 ca.
756 3489 867 3563 unico,
888 3489 974 3553 libro
996 3489 1070 3571 vj10,
1088 3495 1123 3552 et
1140 3488 1194 3570 J0.
1213 3489 1247 3552 in
1265 3510 1319 3552 no.
1339 3495 1363 3554 t.
1382 3510 1425 3553 ne

318 3591 350 3655 in
366 3606 424 3655 exa
441 3590 483 3654 de
500 3591 612 3657 elect.³

320 3732 404 3816 (219)
445 3734 654 3798 Onnmxcro
697 3752 742 3798 ur
780 3735 955 3800 Pnoursro
995 3735 1245 3799 Pxnrmururr
1285 3752 1426 3799 cournx

363 3838 614 3901 Purunrorun
639 3854 904 3905 surxxorcruu.

404 3954 585 4030 Henricus‚
613 3956 676 4019 Dei
703 3956 817 4040 gracia
844 3956 918 4021 Rex
944 3955 1043 4041 Angl.
1071 3962 1105 4019 et
1132 3956 1251 4021 Franc.
1279 3962 1313 4020 et
1340 3957 1426 4021 D'ns

322 4056 494 4133 Hibemie,
522 4059 689 4123 vniuersis
716 4067 750 4124 et
777 4061 917 4146 singulis
943 4060 1150 4135 AbbatibuS,
1179 4061 1362 4136 Prioribus,
1390 4069 1425 4126 et

319 4160 550 4227 Conuentibus
575 4164 703 4228 ordinis
729 4165 959 4230 Cisterciensis
985 4164 1073 4228 inira
1099 4184 1241 4248 regnum
1267 4172 1423 4230 nostrum

387 4306 394 4327 ¹
414 4301 470 4349 MS.
485 4301 535 4349 has
551 4306 566 4323 ¹⁴
577 4301 793 4350 discernentes.''

386 4397 396 4419 ²
416 4391 531 4440 Neither
545 4392 600 4440 this
614 4407 664 4441 nor
677 4408 733 4456 any
747 4392 827 4441 other
839 4392 1017 4453 privilegium
1032 4391 1061 4439 oi
1075 4390 1207 4440 Bonilace
1223 4390 1265 4438 IX
1278 4392 1300 4439 is
1314 4393 1423 4455 printed

319 4468 344 4517 in
358 4470 523 4534 Henriquez,
539 4471 635 4520 Primi.
650 4472 712 4520 Ord,
728 4472 804 4529 cz'st..
821 4473 922 4527 Antw.,
942 4472 1016 4530 1630.

387 4567 396 4596 ³
414 4562 473 4611 The
486 4561 637 4611 references
650 4563 678 4611 in
692 4563 748 4611 this
761 4564 866 4611 section
881 4576 927 4609 aro
946 4566 976 4610 to
996 4560 1043 4610 the
1063 4561 1168 4625 Corpus
1190 4560 1264 4623 Juris
1284 4561 1422 4610 Canonici.

319 4638 374 4689 The
393 4641 454 4690 first
472 4642 496 4689 is
515 4645 546 4690 to
568 4641 616 4689 the
637 4642 754 4705 chapter
775 4641 925 4703 beginning
949 4638 1016 4688 with
1041 4641 1088 4689 thr·
1111 4640 1185 4688 wonl
1209 4643 1303 4701 nuper,
1327 4640 1354 4687 in
1377 4640 1424 4688 the

320 4718 533 4783 Extranagantes,
548 4718 654 4768 section
667 4720 706 4768 De
720 4721 838 4769 decimis.
877 4718 935 4766 'l'lie
955 4721 1021 4766 next
1037 4718 1058 4767 is
1073 4725 1103 4768 to
1116 4735 1131 4766 a
1145 4719 1262 4780 chapter
1276 4716 1424 4782 beginning

320 4812 414 4857 unzco;
435 4799 482 4847 the
496 4800 551 4847 last
565 4799 578 4845 Ι
591 4798 662 4846 have
676 4805 725 4847 not
739 4800 809 4848 been
823 4797 885 4846 able
900 4800 930 4843 to
944 4796 1025 4844 malco
1038 4806 1097 4848 out.

1472 2851 1592 2901 Consilia

1473 2919 1602 2968 Lateran.

1500 3837 1581 3913 Ἡ

1502 3976 1576 4025 1400,

1474 4032 1539 4093 May
1560 4046 1601 4092 24.

1461 4123 1557 4185 Henry
1570 4123 1616 4170 IV.
