3950 5625
757 686 850 753 Acrs
874 706 920 753 or
943 689 1121 754 Cnarren.
1454 710 1514 774 117

496 866 699 931 Mandatum
730 887 807 931 ven.
841 867 948 951 patris
979 873 1014 931 et
1045 868 1116 932 d'ni
1147 869 1217 933 d'ni
1248 869 1378 934 Thome
1409 871 1511 935 Ebor.

403 970 507 1035 Arch.
544 971 641 1055 Angl.
677 971 844 1055 primatis
880 977 914 1035 et
949 992 1003 1056 ap.
1039 973 1108 1037 sed.
1145 972 1207 1058 leg.
1243 973 1277 1037 in
1312 975 1373 1040 hec
1407 976 1513 1039 verba

404 1095 605 1159 recepimus.

492 1241 652 1317 Thomas,
675 1263 779 1326 perm.
807 1242 875 1306 diu.
902 1242 1004 1307 Ebor.
1030 1243 1130 1307 Arch.
1160 1244 1253 1325 (etc),
1278 1244 1410 1307 dilectis
1435 1245 1511 1307 liliis
1566 1252 1663 1352 9¹39&

405 1346 564 1430 Capitulo
585 1347 664 1411 eccl.
687 1346 758 1410 n’re
780 1346 861 1410 Coll.
886 1347 975 1431 Ryp.
999 1368 1046 1412 sa.
1069 1369 1138 1432 gra.
1162 1355 1197 1411 et
1218 1349 1294 1411 ben.
1342 1348 1427 1412 Cum
1449 1370 1510 1413 nos
1537 1320 1713 1442 naddatleoio

405 1449 653 1514 Canonicatum
677 1457 711 1513 et
734 1450 944 1533 prebendam
967 1450 1009 1514 de
1033 1450 1233 1533 Gyuendale
1257 1451 1290 1515 in
1314 1451 1407 1516 dicta
1430 1452 1508 1516 eccl.
1524 1461 1629 1516 induet.
1653 1462 1723 1509 nom

405 1560 522 1618 nostra
541 1574 600 1636 per
619 1561 765 1617 mortem
785 1553 855 1648 d'ni
875 1553 1053 1637 Guydonis
1072 1556 1114 1619 de
1134 1556 1278 1619 Rowclii
1296 1556 1407 1620 vltimi
1427 1556 1508 1621 Can.
1559 1528 1690 1642 Afflffi'ep

405 1664 438 1721 et
464 1659 561 1722 Preb.
588 1658 773 1722 eorundem
798 1664 961 1722 vacantes
985 1665 1019 1722 et
1045 1660 1089 1723 ad
1113 1666 1267 1723 nostram
1291 1660 1510 1725 collacionem

405 1762 504 1844 pleno
534 1763 605 1827 iure
635 1770 841 1846 spectantes,
873 1762 997 1827 dilecto
1027 1764 1096 1828 filio
1126 1764 1207 1828 d’no
1237 1764 1320 1828 Tho
1354 1766 1511 1829 Forester

405 1869 592 1952 presbitero
613 1868 831 1943 contulimus,
857 1869 1038 1952 ipsumque
1061 1889 1121 1952 per
1144 1869 1251 1932 bereti
1275 1871 1383 1933 nostri
1405 1870 1510 1934 tradi-

404 1974 535 2037 cionem
577 1973 853 2037 inuestiuerimus
895 1973 1118 2055 personaliter
1162 1973 1195 2037 in
1235 1973 1371 2048 eisdem,
1412 1976 1510 2038 vobis

404 2078 609 2142 mandamus
654 2078 819 2161 quatinus
863 2076 1056 2159 predictum
1102 2078 1197 2141 d'nm
1242 2077 1432 2142 Thomam'
1457 2080 1510 2143 vel

404 2188 659 2265 procuratorem
687 2202 787 2245 suum
815 2181 886 2246 eius
914 2182 1051 2245 nomine
1078 2183 1112 2244 in
1140 2182 1350 2264 corporalem
1381 2203 1510 2266 posses·

404 2287 533 2351 sionem
563 2286 734 2350 dictorum
757 2286 980 2349 canonicatus
1005 2291 1039 2349 et
1064 2286 1235 2368 prebende
1259 2287 1452 2370 iuriumque
1476 2293 1510 2350 et

405 2392 525 2474 pertin.
548 2390 733 2454 eorundem
754 2389 934 2465 inducatis
952 2390 1092 2454 stallum
1112 2391 1146 2454 in
1166 2391 1269 2454 choro
1289 2396 1322 2453 et
1343 2391 1455 2454 locum
1476 2392 1510 2454 in

405 2496 555 2578 capitulo
578 2495 678 2558 dictis
699 2494 917 2558 canonicatui
939 2500 973 2557 et
996 2494 1167 2577 prebende
1188 2495 1371 2577 pertinent.
1396 2495 1510 2559 debite

406 2600 627 2684 assignantes,
675 2599 755 2662 Dat.
781 2599 814 2661 in
839 2599 991 2681 hospicio
1013 2599 1087 2662 n’ro
1109 2599 1207 2662 iuxta
1230 2599 1371 2663 Westm.
1396 2612 1434 2662 x0
1457 2599 1511 2663 die

405 2725 508 2769 mens.
543 2704 721 2768 Decembr.
754 2702 855 2766 Anno
889 2703 969 2767 D’ni
1003 2703 1120 2766 Mill'io
1153 2715 1252 2767 ccc¹¹¹0
1283 2703 1511 2788 Nonogesimo

404 2809 563 2884 secundo,
584 2815 618 2873 et
637 2814 752 2873 nostre
771 2807 1020 2872 Translacionis
1038 2808 1171 2892 quinto,

491 2976 562 3041 Nos
581 2976 694 3060 igitur,
716 2981 770 3039 etc.
793 2975 842 3056 (os
858 2974 894 3038 in
914 2975 1014 3039 Form
1034 2975 1119 3055 181).
1170 2956 1172 2961 ἲ

409 3193 493 3276 (185)
519 3194 574 3256 DE
597 3208 791 3255 Pnassanon
814 3209 861 3254 ou
883 3190 1124 3256 Grunnomu.
1173 3192 1248 3255 Pno
1271 3193 1357 3256 o'no
1378 3193 1510 3257 Tnonn

448 3300 648 3363 Fonnsran.

405 3478 438 3532 αἱ
491 3464 650 3538 Thomas,
684 3462 903 3546 permissione
935 3463 1052 3527 diuina
1084 3463 1186 3526 Ebor.
1220 3463 1376 3546 Archiep.
1410 3463 1508 3548 Angl.
1587 3494 1661 3542 1392,

404 3573 540 3655 primas,
565 3578 599 3634 et
623 3580 732 3654 apost.
758 3571 846 3635 sedis
869 3571 1012 3654 legatus,
1037 3570 1162 3634 dilecto
1185 3571 1253 3634 tilio
1276 3572 1358 3635 d'no
1381 3571 1510 3635 Thome
1546 3548 1630 3651 *Deci
1647 3562 1685 3596 ¹⁰¹

405 3677 568 3751 Forester,
600 3696 646 3739 sa.
678 3696 747 3759 gra.
780 3683 814 3738 et
845 3676 920 3738 ben.
970 3675 1079 3738 Mores
1108 3681 1141 3738 et
1170 3675 1292 3738 merita
1323 3676 1448 3759 quibus
1476 3682 1510 3740 te
1534 3640 1723 3753 eppteapppcby

404 3781 561 3845 nouimus
575 3780 775 3864 insignitum
790 3780 1025 3862 multipliciter
1039 3800 1100 3843 nos
1115 3779 1296 3842 excitauit²
1311 3781 1511 3862 propensius

404 3893 437 3948 et
473 3885 641 3949 inducunt
679 3890 717 3947 vt
755 3904 936 3966 personam
974 3889 1072 3947 tuam
1111 3903 1357 3966 prosequamur
1395 3884 1511 3947 fauore

404 3990 537 4073 gracie3
563 3988 745 4072 ampliatis.
795 3988 884 4052 Hinc
911 3994 962 4051 est
988 3987 1083 4072 quod
1110 3987 1358 4051 Canonicatum
1382 3995 1416 4050 et
1438 4009 1511 4071 pre-

405 4094 551 4158 bendam
566 4093 607 4156 de
622 4092 822 4175 Gyuendale
837 4093 871 4155 in
886 4092 1026 4155 ecclesia
1041 4100 1158 4155 nostra
1173 4090 1358 4174 Collegiata
1374 4092 1510 4174 Rypon'

406 4218 463 4280 per
493 4204 638 4261 mortem
670 4197 739 4260 d'ni
772 4195 949 4278 Guydonis
982 4195 1126 4258 Rowclii
1156 4194 1267 4257 'vltimi
1296 4195 1448 4257 canonici
1477 4202 1511 4259 et
1541 4184 1543 4190 ¹

407 4287 616 4385 prebendarij
635 4301 821 4365 eorundem
836 4307 1000 4363 vacantes
1015 4305 1049 4361 et
1065 4298 1109 4361 ad
1124 4304 1277 4361 nostram
1292 4298 1512 4362 collacionem
1540 4308 1551 4330 ²

476 4523 481 4544 ¹
501 4518 558 4565 The
579 4517 713 4565 reference
737 4515 832 4562 letters
856 4528 901 4561 are
924 4517 955 4560 to
977 4512 1051 4559 shew
1075 4509 1138 4557 that
1163 4508 1213 4555 No.
1242 4511 1287 4569 185
1311 4509 1411 4556 should
1435 4524 1512 4558 come

409 4595 496 4644 before
510 4598 561 4645 No.
581 4600 636 4655 184.

475 4693 484 4715 ²
503 4689 538 4737 So
551 4688 577 4736 in
593 4687 647 4734 MS.
664 4686 706 4733 lor
722 4680 899 4730 “excitant”

477 4783 485 4814 ³
504 4780 539 4828 So
552 4777 719 4843 apparently
733 4776 760 4822 in
776 4773 830 4819 MS.
871 4771 949 4820 Read
965 4775 979 4791 ‘⁸
992 4771 1021 4815 et
1034 4768 1152 4827 gracia.''
