3950 5625
471 720 534 786 262
755 701 834 782 'lus
859 718 1016 783 Incursu
1040 717 1286 781 Manuscmrr.

472 899 529 963 illa
547 900 622 963 vice
640 904 675 962 et
694 898 752 962 illa
768 896 963 971 vacacione,
981 895 1076 980 pred.
1095 895 1233 960 Cantar.
1251 895 1309 959 Ca.
1328 893 1467 977 ydoneo
1483 892 1592 957 libere

472 1004 637 1078 conferat,
661 1001 871 1085 ulteriusque
894 1001 984 1065 circa
1006 999 1263 1065 institucionem
1286 1004 1320 1062 et
1343 996 1590 1063 induccionem

473 1108 625 1172 eiusdem
648 1105 822 1190 Capeliani
845 1105 880 1168 in
903 1104 1024 1168 eadem
1047 1103 1216 1183 Canonice
1239 1103 1345 1167 iaciat
1368 1107 1403 1165 et
1427 1105 1590 1165 exerceat

261 1216 356 1278 savrng
373 1215 460 1278 rights
474 1211 568 1296 quod
598 1211 728 1275 iustum
759 1209 862 1273 fuerit
893 1209 928 1273 in
959 1209 1024 1273 hac
1055 1214 1163 1292 parte,
1196 1207 1292 1271 saluo
1322 1226 1458 1290 semper
1488 1205 1592 1269 nobis

288 1281 429 1330 aaabove.
475 1316 543 1380 her.
571 1321 606 1379 et
630 1315 752 1399 assign.
776 1313 858 1377 n'ris
881 1313 1063 1397 imperp'm
1087 1334 1127 1377 ac
1151 1332 1293 1396 persone
1317 1310 1411 1395 pred.
1437 1309 1519 1374 eccl.
1547 1308 1591 1372 de

474 1420 579 1484 Wath
595 1419 655 1504 qui
671 1439 733 1503 pro
750 1395 903 1501 tdmpore
921 1417 1037 1492 luerit,
1052 1438 1184 1481 necnon
1201 1415 1361 1500 capitulis
1376 1414 1590 1498 supradictis

473 1531 508 1588 et
524 1544 641 1588 eorum
656 1522 796 1586 cuilibet
811 1521 1004 1605 imperp'm,
1021 1521 1056 1585 in
1071 1520 1212 1605 singulis
1227 1519 1303 1604 alijs
1318 1519 1410 1583 dicte
1425 1517 1591 1583 Cantarie

473 1627 726 1702 vacacionibuS,
745 1626 816 1690 iure
833 1626 907 1689 n’ro
924 1625 1100 1709 premisso,
1118 1624 1246 1689 scilicet
1263 1623 1347 1688 alias
1363 1622 1591 1707 presentandi

474 1731 696 1816 capellanum
734 1729 908 1814 ydoneum
947 1729 992 1794 ad
1029 1729 1174 1794 eandem
1212 1728 1411 1793 Cantariam
1449 1727 1591 1810 prefato

473 1836 655 1902 Ordinatio
677 1835 736 1920 qui
759 1855 821 1918 pro
844 1841 925 1899 tem.
950 1834 1066 1898 luerit¹
1091 1855 1152 1918 per
1173 1833 1265 1897 vices
1287 1832 1460 1918 predictas
1484 1832 1592 1896 modo

474 1948 509 2005 et
529 1941 640 2005 forma
657 1939 812 2024 superius
831 1939 1014 2003 declaratis
1033 1944 1067 2002 et
1086 1937 1302 2022 expressatis,

261 2139 356 2215 Pouet
364 2143 394 2188 to
407 2140 460 2188 dis·
562 2137 739 2201 volumus
774 2136 886 2201 eciam
917 2133 952 2191 et
971 2127 1190 2191 concedimus
1209 2147 1270 2210 per
1287 2132 1473 2210 presentes,
1494 2126 1592 2210 quod

261 2211 342 2335 effi
356 2206 460 2322 ξξζξξξ
475 2234 502 2297 si
533 2234 712 2318 contingat
742 2233 835 2317 pred.
868 2231 961 2297 redd.
994 2238 1073 2297 octo
1104 2251 1297 2296 marcarum
1327 2231 1464 2315 prefato
1494 2230 1593 2314 Joh'i

476 2339 517 2402 de
539 2338 688 2402 Threske
709 2344 744 2401 et
765 2359 854 2402 succ,
877 2358 903 2402 s,
926 2337 1021 2420 pred.
1045 2336 1184 2400 Cantar.
1207 2335 1399 2420 Capellanis
1420 2335 1455 2400 in
1477 2335 1594 2399 forma

475 2442 630 2526 predicta
657 2462 855 2506 concessum
883 2463 904 2504 a
931 2447 1022 2504 retro
1050 2440 1122 2504 iore
1149 2461 1218 2504 non
1245 2439 1398 2503 solutum
1426 2439 1462 2503 in
1489 2445 1593 2524 parte

474 2547 528 2610 vel
549 2547 583 2610 in
606 2552 681 2610 toto
702 2552 781 2629 post
802 2545 951 2629 aliquem
974 2544 1160 2609 terminum
1180 2565 1250 2628 quo
1271 2543 1359 2608 solui
1381 2544 1508 2608 debeat
1530 2566 1594 2629 per

473 2649 671 2734 quindecim
696 2649 778 2724 dies,
804 2650 898 2733 quod
923 2655 1007 2713 tunc
1031 2649 1117 2712 bene
1140 2647 1242 2712 liceat
1266 2648 1403 2731 prefato
1427 2647 1523 2731 Joh'i
1548 2648 1592 2712 de

473 2754 623 2819 Threske
647 2760 682 2818 et
706 2775 795 2819 succ.
821 2774 847 2819 s.
874 2753 965 2818 dicte
993 2751 1091 2818 Cant.
1119 2752 1232 2837 Cap’is
1256 2752 1291 2817 in
1315 2752 1409 2837 pred.
1435 2753 1593 2818 manerio

473 2879 552 2923 cum
568 2859 692 2943 pertin.
711 2860 802 2923 acin
819 2879 910 2922 omn.
929 2857 1006 2941 alijs
1023 2858 1131 2933 terris,
1150 2857 1366 2933 tenementis,
1384 2857 1591 2935 redditibus

474 2969 508 3027 et
542 2963 695 3047 seruicijs
729 2962 936 3047 supradictis
970 2983 1050 3026 cum
1083 2963 1153 3026 suis
1188 2962 1311 3046 pertin.
1347 2983 1414 3046 que
1448 2962 1592 3028 fuerunt

474 3068 620 3151 predicti
640 3067 779 3131 Ricardi
797 3067 828 3130 N
832 3072 933 3131 orton
952 3066 1107 3130 defuncti
1126 3066 1161 3130 in
1179 3066 1273 3150 pred.
1293 3066 1375 3130 villa
1393 3066 1436 3129 de
1454 3066 1593 3131 Norton

475 3171 624 3254 Conyers
656 3172 691 3235 in
722 3171 878 3255 qualibet
910 3171 1058 3254 parcella
1090 3170 1277 3234 eorundem
1309 3170 1523 3255 distringere,
1557 3179 1592 3237 et

475 3276 709 3340 districciones
732 3275 812 3340 inde
836 3281 957 3359 captas
981 3275 1161 3350 abducere,
1187 3275 1316 3359 fugare,
1342 3281 1530 3359 asportare,
1557 3283 1592 3341 et

475 3401 578 3464 penes
593 3400 628 3443 se
643 3380 801 3455 retinere,
818 3400 997 3464 quousque
1013 3379 1055 3443 de
1071 3379 1252 3463 arreragiis
1267 3379 1420 3443 eiusdem
1435 3380 1592 3445 redditus

475 3484 625 3568 plenarie
648 3484 713 3548 sibi
737 3484 844 3547 fuerit·
863 3482 1092 3547 satisfactum.
1142 3484 1182 3547 In
1206 3503 1302 3568 quor.
1328 3504 1419 3548 omn.
1444 3490 1480 3548 et
1502 3485 1589 3571 sing,

475 3588 718 3671 premissorum
745 3588 848 3651 fidem
875 3593 910 3651 et
936 3587 1175 3651 testimonium
1201 3587 1342 3652 cuilibet
1368 3588 1460 3672 parti
1487 3589 1590 3654 huius

475 3692 593 3776 scripti
627 3693 692 3756 n'ri
726 3691 898 3756 indentati
932 3692 1182 3776 quatripartiti,
1219 3698 1293 3756 tam
1326 3692 1436 3777 sigilla
1469 3699 1589 3759 nostra

475 3817 537 3881 pro
564 3798 673 3872 nobis
702 3786 829 3871 heled„
858 3802 893 3859 et
921 3796 1044 3880 assign.
1074 3796 1156 3859 n’ris
1182 3816 1289 3880 quam
1316 3795 1464 3880 sigillum
1492 3798 1586 3882 pred.

476 3900 586 3983 Joh’is
614 3901 656 3964 de
683 3901 833 3964 Threske
861 3920 922 3983 pro
950 3920 985 3963 se
1013 3906 1047 3963 et
1075 3920 1218 3964 success
1248 3921 1274 3964 s.
1304 3900 1412 3983 pred(
1428 3900 1587 3966 Cantarie

474 4004 666 4088 Capellanis
687 4010 768 4069 sunt
789 4025 951 4088 appensa.
1004 4004 1107 4068 Cuius
1131 4004 1193 4087 (89)
1217 4004 1357 4088 quidem
1378 4004 1497 4088 scripti
1518 4028 1586 4070 vna

475 4130 554 4193 pars
569 4129 672 4193 penes
687 4109 781 4193 pred.
800 4108 879 4191 Joh.
897 4109 939 4172 de
955 4109 1104 4172 Threske
1120 4114 1154 4171 et
1171 4129 1259 4173 succ.
1277 4129 1303 4172 5.
1321 4107 1411 4172 dicte
1427 4109 1586 4174 Cantarie

476 4212 686 4296 Capellanos,
715 4212 823 4276 altera
849 4232 927 4296 pars
954 4233 1057 4295 penes
1083 4233 1145 4276 nos
1172 4213 1241 4276 her.
1270 4218 1304 4275 et
1331 4213 1454 4297 assign.
1482 4214 1583 4288 n'ros,

476 4317 581 4381 tercia
603 4337 683 4401 pars
709 4318 854 4400 (penes)2
877 4337 1058 4400 personam
1078 4317 1230 4400 predicte
1253 4317 1339 4388 eccl.¹
1357 4316 1399 4379 de
1422 4317 1528 4382 Wath
1551 4325 1583 4381 et

475 4442 563 4486 succ.
589 4442 628 4496 s.,
654 4427 688 4484 et
712 4427 838 4504 quarta
862 4442 941 4504 pars
965 4442 1069 4504 penes
1093 4421 1149 4485 Ca.
1176 4421 1255 4484 eccl.
1282 4420 1363 4484 Coll.
1385 4421 1583 4504 supradicte

475 4526 730 4609 imperpetuum
773 4526 1011 4589 remanebunt.
1060 4526 1103 4589 H.
1149 4532 1173 4589 t.
1219 4524 1369 4589 Will’mo
1404 4525 1579 4609 ‘Tempest

474 4630 608 4693 Thoma
628 4629 909 4713 Markyngleilde‚
933 4629 1043 4714 Rog'o
1063 4630 1199 4704 Warde,
1221 4628 1398 4703 militibus,
1420 4629 1521 4712 Joh'e
1540 4629 1579 4693 de

546 4810 554 4833 ¹
573 4804 629 4853 MS.
644 4804 694 4853 has
710 4809 724 4825 ‘¹
736 4803 817 4852 fuit.'’
891 4808 901 4831 ²
919 4802 1046 4852 Omitted
1060 4804 1088 4851 in
1102 4804 1158 4852 MS.
