3950 5625
710 731 804 796 Acrs
827 748 872 796 or
895 730 1074 796 Cauaras.
1384 746 1445 815 195

341 909 382 972 de
405 909 550 984 Norton,
575 909 738 994 Capitalis
761 910 948 993 Justiciarij
974 910 1016 973 de
1039 911 1212 975 communi
1236 911 1353 977 Banco
1375 910 1446 976 d'ni

340 1013 404 1077 n'ri
430 1014 533 1099 Regis
557 1013 669 1098 Angl,
696 1014 910 1097 fratrumque
938 1015 1012 1097 (et)¹
1039 1035 1193 1079 sororum
1219 1015 1446 1080 fraternitatis
1495 1026 1577 1102 Gund
1591 1027 1621 1104 ot

341 1118 433 1181 nean
459 1117 606 1182 wnfrur
632 1118 666 1182 m
692 1117 771 1182 ecci.
799 1118 880 1182 con.
909 1118 1033 1201 Ripon'
1061 1119 1215 1202 predicta
1241 1120 1385 1185 fundate
1410 1127 1444 1184 et
1472 1094 1511 1141 St·
1528 1093 1644 1143 ΨΜ·

340 1222 497 1285 ordinate
515 1222 560 1285 ad
578 1221 695 1286 Altare
714 1222 780 1286 S'ci
799 1222 928 1286 Thome
947 1222 1096 1286 Martiris
1114 1223 1149 1287 in
1168 1224 1287 1288 eadem
1306 1225 1445 1289 ecclesia

340 1326 423 1390 dum
448 1327 634 1390 vixerimus
660 1332 694 1390 et
720 1326 880 1401 vixerint,
907 1332 941 1389 et
967 1347 1028 1409 pro
1054 1327 1235 1392 animabus
1260 1330 1385 1392 nostris
1410 1335 1444 1393 et

339 1430 408 1494 suis
433 1450 513 1494 cum
539 1432 583 1494 ab
608 1430 673 1494 hac
698 1430 773 1494 luce
799 1431 1057 1514 migrauerimus
1084 1437 1117 1494 et
1144 1432 1377 1516 migrauerint,
1405 1454 1445 1498 ac

339 1534 445 1598 eciam
485 1534 666 1598 animabus
704 1541 898 1598 nostrorum
933 1540 968 1597 et
1006 1554 1145 1598 suorum
1180 1543 1443 1614 antecessorum,

339 1659 470 1703 necnon
500 1639 680 1703 animabus
709 1638 866 1703 Caterine
894 1639 1071 1723 quondam
1100 1641 1216 1704 vxoris
1244 1640 1327 1705 dicti
1357 1642 1443 1706 Ric'i

340 1742 474 1806 Norton
506 1749 540 1807 et
573 1743 720 1806 filiorum
753 1763 792 1807 ac
824 1749 1007 1826 parentum
1039 1764 1189 1819 suornm,
1223 1745 1445 1831 omniumque

340 1846 484 1910 aliorum
509 1846 661 1910 fidelium
686 1846 927 1910 detunctorum
952 1846 1148 1921 tundamus,
1175 1848 1383 1924 ordinamus,
1410 1856 1444 1914 et

339 1970 503 2026 creamus
522 1971 584 2035 pro
602 1956 767 2034 perpetuo
785 1955 819 2013 et
836 1950 1101 2033 imperpetuum,
1120 1973 1225 2016 vnam
1242 1961 1444 2036 perpetuam

340 2056 530 2120 cantariam
561 2055 662 2123 vnius
692 2054 848 2139 perpetui
879 2054 1005 2137 ydonei
1036 2055 1209 2138 Capellani
1240 2062 1274 2120 et
1305 2078 1444 2122 suorum

339 2180 570 2223 successomm
598 2159 688 2223 dicte
716 2158 868 2223 cantaria
896 2158 1131 2243 Capelleorum
1162 2160 1232 2244 (sic)
1264 2161 1308 2225 ad
1337 2162 1444 2225 altare

340 2263 403 2327 S’ci
429 2263 559 2327 Thome
582 2263 724 2346 predict.
751 2263 785 2326 in
811 2262 950 2327 ecclesia
971 2262 1116 2348 Collegie
1140 2264 1210 2348 (sic)
1233 2265 1374 2348 predict.
1400 2265 1445 2330 ad

339 2368 501 2432 honorem
522 2367 588 2431 S’ci
608 2366 754 2430 Wiltridi
774 2373 1011 2431 constructum
1031 2367 1149 2432 diuina
1168 2368 1279 2433 officia
1298 2370 1444 2434 celebra-

340 2479 494 2536 tutorum
510 2471 613 2535 modo
630 2478 664 2535 et
682 2471 793 2535 forma
809 2471 843 2535 in
860 2471 1075 2547 fundacione,
1094 2473 1321 2550 ordinacione,
1339 2474 1444 2539 dona-

339 2576 443 2651 cione,
462 2575 688 2650 concessione,
707 2580 741 2639 et
760 2575 961 2658 subscriptis
980 2577 1196 2658 expressatis,
1214 2577 1257 2641 de
1276 2578 1444 2663 spirituali

308 2733 311 2736 .
339 2679 478 2745 licencia
500 2679 773 2744 excellentissimi
797 2680 831 2743 in
856 2700 924 2762 xpo
947 2680 1110 2763 principis
1133 2687 1167 2744 et
1191 2681 1262 2746 d'ni
1286 2681 1350 2746 n'ri
1373 2682 1445 2747 d’ni

340 2785 477 2849 Henrici
503 2804 612 2870 nuper
638 2783 740 2868 Regis
766 2783 864 2869 Angl.
893 2790 926 2847 et
954 2783 1096 2848 Francie
1122 2791 1156 2849 et
1183 2785 1254 2850 d’ni
1280 2786 1444 2852 Hibemie
1481 2793 1577 2856 nenry
1592 2793 1639 2842 1v.

339 2890 452 2973 quarti
479 2895 558 2974 post
584 2895 811 2973 conquestum
837 2910 928 2952 anno
955 2889 1048 2973 regni
1074 2890 1125 2953 sui
1153 2890 1356 2955 duodecimo
1382 2912 1443 2975 pro

338 2993 411 3077 ipsa
439 2993 595 3058 cantaria
623 2992 658 3057 in
687 3013 727 3057 ea
755 3000 853 3076 parte
882 2998 1028 3077 optenta
1057 3000 1090 3056 et
1121 2994 1316 3077 impetrata,
1346 2996 1443 3060 cuius

338 3097 473 3162 licencie
495 3103 594 3162 tenor
614 3098 769 3181 sequitur
790 3097 824 3161 in
846 3097 908 3160 hec
930 3098 1054 3161 verba:

1524 2987 1596 3035 ¹4¹0·

424 3227 603 3302 Henricus,
629 3227 692 3290 Dei
716 3226 830 3311 gracia
853 3246 912 3289 rex
937 3226 1058 3311 Anglie
1082 3233 1116 3290 et
1141 3228 1282 3291 Francie
1306 3234 1340 3292 et
1365 3228 1441 3293 d'ns
1511 3242 1599 3317 hoya}

339 3331 500 3395 Hibemie
523 3331 682 3395 omnibus
705 3331 749 3395 ad
771 3351 857 3415 quos
879 3330 993 3393 littere
1016 3338 1189 3415 presentes
1212 3333 1439 3415 peruenerint,
1490 3307 1614 3423 Ῑὸζξθῃῇξ

337 3436 492 3501 salutem.
541 3436 636 3499 Licet
670 3436 712 3499 de
746 3434 883 3499 comuni
918 3434 1061 3498 concilio
1096 3436 1188 3520 regni
1223 3436 1287 3500 n'ri
1322 3436 1441 3521 Anglie

337 3545 510 3604 statutum
540 3540 585 3603 sit
615 3539 709 3624 quod
739 3560 808 3603 non
838 3539 939 3602 liceat
970 3538 1053 3603 viris
1084 3539 1245 3625 religiosis
1275 3561 1335 3605 seu
1366 3541 1442 3624 alijs
1488 3540 1626 3617 Notflwith-

337 3643 466 3729 ingredi
494 3644 632 3708 feodum
660 3643 802 3708 alicuius
829 3643 878 3707 ita
905 3642 1000 3726 quod
1027 3643 1072 3706 ad
1099 3664 1241 3708 manum
1269 3651 1442 3709 mortuam
1455 3607 1589 3724 stgrtrffintg
1602 3609 1656 3724 ,lle

337 3747 508 3823 deueniat,
536 3747 608 3812 sine
634 3747 774 3811 licencia
800 3747 875 3811 n'ra
902 3752 936 3809 et
963 3747 1121 3831 capitalis
1147 3747 1277 3812 domini
1304 3748 1346 3812 de
1373 3770 1443 3833 quo
1475 3742 1633 3798 ¹¹¹⁰¹t¹¹¹³³¹¹t

337 3872 388 3915 res
419 3851 477 3916 illa
509 3851 743 3916 immedietate
775 3857 922 3925 tenetur,
956 3849 999 3913 de
1030 3851 1144 3935 gracia
1176 3858 1293 3916 tamen
1325 3859 1442 3917 nostra
1456 3870 1485 3918 or
1494 3884 1545 3919 our
1554 3870 1655 3933 special

337 3956 473 4039 speciali
501 3961 535 4020 et
562 3976 625 4039 pro
652 3956 774 4040 viginti
802 3955 925 4019 marcis
951 3975 1038 4038 quas
1067 3955 1228 4040 Magister
1254 3955 1443 4021 Willelmus
1456 3937 1656 4053 grzaggggrrrllzsror

337 4060 378 4123 de
393 4059 528 4136 Cawod,
545 4059 735 4123 Canonicus
750 4060 829 4124 eccl.
847 4058 928 4123 Coll.
945 4058 987 4122 de
1004 4058 1129 4144 Ripon,
1146 4060 1263 4143 Joh'es
1278 4060 1320 4124 de
1335 4061 1441 4137 Dene,
1625 4045 1630 4060 ’

337 4163 525 4228 Canonicus
563 4164 713 4227 eiusdem
750 4163 886 4227 ecclesie
927 4165 1032 4251 (7ov‚)
1072 4163 1222 4229 Thomas
1260 4164 1447 4248 Balderby,

337 4267 454 4350 Joh'es
494 4268 678 4343 Chaumbr,
719 4268 891 4332 Walterus
932 4268 1085 4343 Halifax,
1127 4268 1297 4332 Will'mus
1338 4268 1441 4341 Lane‚

337 4371 443 4436 Will's
468 4372 587 4436 Water
613 4371 706 4454 Jun',
733 4378 768 4435 et
794 4372 911 4455 Joh’es
938 4373 1057 4437 Maver
1081 4372 1180 4436 nobis
1205 4371 1380 4437 soluerunt
1407 4372 1441 4436 in
1491 4405 1531 4438 we
1545 4390 1617 4439 have

337 4476 521 4560 hanaperio
545 4481 673 4548 nostro,
699 4476 926 4540 concessimus
946 4482 980 4539 et
1003 4475 1178 4540 licenciam
1198 4474 1355 4539 dedimus
1379 4495 1441 4558 pro
1462 4457 1579 4520 granted
1593 4457 1649 4505 ἴῃς

336 4581 433 4644 nobis
455 4585 490 4643 et
511 4578 691 4643 heredibus
712 4580 837 4642 nostris
858 4584 1030 4663 quantum
1051 4579 1085 4642 in
1106 4578 1205 4642 nobis
1226 4582 1277 4640 est
1298 4577 1441 4661 prefatis
1499 4524 1608 4571 hcenee.

336 4683 458 4760 Will'o,
485 4684 589 4767 Joh'i,
617 4681 758 4757 Thome,
785 4682 888 4765 Joh'i,
916 4680 1078 4756 Waltero,
1105 4680 1229 4754 Will’0,
1255 4681 1379 4755 Will'o,
1406 4688 1440 4746 et

405 4826 412 4847 ¹
434 4820 491 4868 Not
504 4820 532 4867 in
545 4819 601 4867 MS.
