3950 5625
705 663 800 728 Acrs
822 680 868 728 or
891 663 1072 729 Cnarrrn.
1243 753 1247 759 ι
1382 679 1446 744 253

329 843 441 907 eciam
468 843 683 927 adimplebit,
711 844 875 928 quodque
901 844 1054 918 calicem,
1082 844 1197 918 libros,
1225 843 1447 919 vestimenta,

330 968 391 1012 seu
417 948 486 1012 alia
511 955 715 1012 ornamenta
740 948 783 1012 ad
807 949 938 1012 dictam
961 948 1135 1032 Capellam
1160 949 1356 1031 spectancia
1379 970 1449 1012 non

330 1053 509 1127 alienabit,
538 1053 784 1137 inpignorabit‚
811 1053 992 1127 distrahet,
1019 1073 1129 1136 neque
1154 1053 1293 1126 vendet,
1319 1054 1379 1116 sed
1409 1074 1448 1116 ea

331 1157 450 1221 omnia
477 1157 597 1221 futuro
624 1158 809 1221 successori
837 1157 1015 1221 liberanda
1043 1157 1190 1221 fideliter
1216 1159 1445 1222 conseruabit.

332 1261 380 1325 Et
403 1267 444 1325 ut
468 1262 532 1325 hec
554 1281 631 1325 mea
655 1282 793 1345 presens
816 1268 911 1325 carta
939 1262 1014 1343 (εῖν
1032 1261 1207 1325 ordinacio
1222 1261 1447 1344 imposterum

332 1365 458 1430 clarius
488 1365 658 1430 elucescat
688 1372 723 1429 et
754 1367 882 1430 futuris
912 1367 1126 1448 temporibus
1156 1366 1261 1429 robur
1290 1367 1447 1430 obtineat

333 1470 521 1544 firmitatis,
551 1470 630 1533 volo
657 1470 752 1554 quod
781 1470 986 1553 duplicetur,
1015 1471 1113 1533 cuius
1140 1491 1211 1533 vna
1238 1490 1317 1553 pars
1344 1490 1449 1553 penes

332 1575 530 1639 venerabile
559 1575 751 1657 capitulum
782 1575 921 1657 Ripon',
949 1574 1057 1637 altera
1087 1594 1167 1657 pars
1193 1594 1297 1656 penes
1329 1572 1381 1652 (86
1400 1577 1446 1656 v.)

333 1677 468 1742 dictum
500 1677 725 1761 Capellanum
758 1686 793 1741 et
825 1698 1035 1741 successores
1066 1698 1146 1741 suos
1177 1684 1354 1741 remaneat
1386 1679 1448 1740 im-

334 1789 553 1866 perpetuum.
602 1783 643 1846 ln
667 1804 695 1846 c.
721 1803 746 1846 r.
772 1790 798 1846 t.
824 1782 962 1865 vtn'que
986 1782 1077 1865 parti
1102 1783 1268 1865 presentis
1291 1789 1385 1846 carte
1408 1790 1448 1845 vt

332 1887 549 1970 premittitur
568 1886 754 1970 duplicate,
777 1893 850 1950 tam
871 1887 981 1969 sigilla
1003 1887 1128 1970 prelati
1148 1886 1298 1970 Capituli
1320 1894 1355 1951 et
1375 1886 1447 1950 d’ni

331 1991 437 2055 Will’i
450 1991 626 2074 Capellani
638 2011 745 2075 quam
759 1990 907 2074 sigillum
922 2011 1038 2054 meum
1050 1998 1174 2054 mutuo
1187 1997 1270 2054 sunt
1283 2011 1445 2074 appensa.

332 2095 414 2160 Dat.
438 2116 510 2179 quo
536 2095 582 2159 ad
602 2095 858 2178 opposicionem
880 2094 969 2176 (sicr
985 2095 1173 2178 sigillorum
1199 2096 1444 2178 predictorum,

331 2200 484 2264 secundo
510 2199 566 2263 die
598 2199 769 2282 Januarij‚
798 2199 900 2262 Anno
928 2199 1009 2262 D’ni
1043 2199 1186 2262 Mill’mo
1217 2212 1317 2262 cccm⁰
1347 2200 1446 2284 quin-

332 2304 533 2390 quagesimo
551 2311 691 2368 octauo,

1506 2179 1616 2237 usto,

1509 2244 1571 2306 Jan.
1590 2257 1613 2291 2.

422 2523 503 2586 Nos
530 2523 725 2599 johannes,
762 2520 983 2602 permissione
1023 2520 1142 2584 diuina
1182 2521 1285 2585 Ebur.
1327 2520 1446 2584 Archi·
1459 2512 1650 2559 Confirmatio

1512 2580 1550 2630 bv
1560 2578 1609 2626 the

333 2625 514 2710 episcopus
535 2624 765 2708 supradictus,
790 2623 1012 2687 attendentes
1034 2624 1207 2688 laudabile
1229 2625 1445 2707 propositum
1468 2634 1649 2707 Arcucishop.

333 2730 450 2794 dilecti
465 2729 524 2812 filij
543 2729 655 2812 Joh'is
669 2727 712 2790 de
727 2727 923 2792 Clotherom
938 2729 1094 2811 predicti,
1111 2749 1151 2792 ac
1165 2729 1320 2792 volentes
1334 2728 1445 2792 eidem

333 2840 516 2919 propterea
537 2834 688 2919 graciam
711 2833 822 2896 facere
844 2833 1039 2916 specialem,
1062 2833 1179 2898 omnia
1199 2840 1235 2897 et
1256 2834 1390 2919 singula
1412 2834 1446 2898 in

334 2939 428 3004 dicta
454 2938 674 3002 ordinacione
701 2943 867 3001 contenta
893 2943 928 3000 et
955 2937 1063 3021 ipsius
1089 2938 1249 3002 Cantan'e
1276 2938 1446 3013 ordinata,

333 3044 446 3108 causis
468 3042 622 3107 eiusdem
645 3041 870 3105 consideratis
893 3048 928 3104 et
951 3042 1074 3105 intime
1096 3042 1305 3125 ponderatis,
1329 3063 1447 3108 eorum

334 3153 559 3212 concurrente
579 3146 761 3210 voluntate
781 3152 817 3208 et
837 3166 977 3210 assensu
997 3167 1146 3230 quorum
1167 3147 1308 3211 interest
1327 3147 1362 3211 in
1382 3147 1447 3211 boc

334 3272 427 3326 casu,
451 3256 625 3335 quantum
649 3249 693 3313 ad
716 3269 779 3313 nos
802 3250 930 3314 attinet
953 3257 1185 3334 acceptamus,
1209 3258 1244 3314 et
1267 3251 1377 3335 ipsam
1400 3252 1448 3315 sic

335 3355 406 3420 fieri
422 3355 546 3419 debere
563 3361 599 3417 et
618 3374 690 3417 esse
709 3360 744 3417 et
761 3354 1016 3437 imperpetuum
1036 3355 1447 3420 inuiolabiter-obseruari

335 3459 547 3533 ordinamus,
571 3457 795 3533 decernimus,
813 3458 1067 3535 continuamus,
1085 3460 1345 3545 emologamus‚3
1367 3461 1449 3525 rati·

336 3563 491 3638 ficamus,
507 3562 785 3646 pronunciamus,
800 3569 835 3626 et
849 3564 958 3627 eciam
971 3564 1159 3629 diffinimus
1172 3565 1207 3628 in
1221 3564 1288 3649 hijs
1301 3566 1447 3649 scriptis,

338 3779 373 3837 et
393 3772 533 3837 ecclesie
552 3776 668 3835 nostre
688 3772 791 3835 Ebor.
814 3771 849 3835 in
869 3772 1030 3836 omnibus
1049 3778 1084 3836 et
1103 3793 1164 3857 per
1182 3774 1298 3838 omnia
1316 3794 1451 3858 semper

337 3877 452 3941 saluis,
502 3876 542 3940 ln
574 3895 721 3960 quorum
753 3876 908 3939 omnium
940 3876 1177 3941 testimonium
1209 3883 1315 3962 atque
1346 3878 1449 3943 fidem

337 3981 453 4045 literas
490 3986 627 4044 nostras
664 3979 736 4043 fieri
774 3979 1018 4044 mandauimus
1055 3980 1118 4045 has
1154 3987 1324 4064 patentes,
1362 4003 1450 4067 quas

338 4085 438 4169 sigilli
460 4084 570 4149 nostri
592 4084 800 4167 appensione
824 4083 966 4147 fecimus
988 4084 1202 4150 communiri.
1250 4086 1331 4152 Dat.
1356 4086 1449 4169 apud

338 4188 482 4253 Cawode
513 4188 678 4252 vicesimo
708 4187 762 4251 die
793 4188 919 4251 mensis
950 4188 1030 4272 Maij
1063 4188 1165 4252 Anno
1196 4189 1276 4255 D'ni
1308 4190 1450 4254 Mill'mo

339 4303 433 4357 ccc¹¹¹⁰
471 4292 756 4377 quinquagesimo
803 4311 905 4366 ncnc,
954 4292 1002 4356 Et
1050 4292 1287 4359 translacionis
1333 4298 1450 4359 nostre

339 4396 497 4480 septimo

411 4650 419 4671 ¹
439 4645 496 4694 Not
509 4646 538 4694 in
552 4645 609 4693 MS.
683 4649 693 4670 ²
712 4644 766 4693 For
779 4644 992 4708 appositionem.

408 4754 421 4787 *³
440 4750 611 4816 Equivalent
624 4752 655 4796 to
667 4748 1052 4815 confirmamus-Ducauge.
