3950 5625
451 700 515 766 244
738 684 816 748 Tua
841 683 998 749 Incrrar
1022 683 1270 749 Manuscmrr.

451 883 490 927 ac
513 883 575 947 pro
598 862 778 928 animabus
801 863 926 927 nostris
949 884 1028 928 cum
1051 865 1096 927 ab
1118 864 1182 928 hac
1204 863 1279 928 luce
1301 862 1569 948 migrauerimus

451 989 491 1032 ac
526 968 724 1052 migrauerit
760 968 883 1052 aliquis
917 974 1085 1043 nostrum,
1122 974 1156 1032 et
1192 968 1373 1032 animabus
1408 968 1568 1033 omnium

450 1072 603 1136 fidelium
637 1072 890 1146 defunctorum,
924 1072 1112 1136 secundum
1145 1071 1291 1137 formam
1322 1072 1566 1148 ordinacionis

451 1177 721 1260 composicionis,
747 1184 781 1240 et
806 1176 1016 1241 condicionis
1040 1197 1101 1260 per
1123 1197 1185 1240 nos
1209 1177 1266 1261 pia
1290 1176 1477 1240 deuocione
1503 1196 1568 1260 pro

451 1281 706 1344 sustentacione
744 1280 827 1344 dicti
867 1279 1040 1364 Capellani
1079 1286 1114 1344 et
1152 1301 1292 1344 suorum
1329 1300 1566 1344 successorum

450 1385 716 1468 imperpetuum,
750 1405 789 1448 ac
821 1384 1088 1468 supportacione
1120 1390 1154 1448 et
1187 1385 1388 1449 inuencione
1419 1404 1566 1448 onerum

451 1489 722 1572 subscriptorum
742 1489 883 1552 interius
904 1488 1077 1552 factarum
1098 1495 1131 1552 et
1153 1489 1401 1553 ordinatarum.
1449 1488 1565 1553 Noue-

451 1592 525 1655 ritis
541 1593 649 1656 eciam
667 1613 728 1656 nos
744 1592 786 1655 de
803 1592 954 1668 licencia,
968 1612 1146 1667 consensu,
1161 1592 1353 1668 voluntate,
1371 1597 1406 1656 et
1422 1611 1565 1656 assensu

451 1696 623 1780 predictis,
653 1696 796 1771 dedisse,
826 1696 1041 1771 concessisse,
1072 1702 1106 1760 et
1135 1697 1168 1761 h.
1199 1718 1231 1780 p.
1262 1717 1290 1761 c.
1320 1716 1353 1760 n.
1385 1696 1564 1780 tripartita

451 1800 669 1864 confirmasse
693 1801 767 1864 Deo
790 1800 1031 1883 Omnipotenti
1055 1806 1089 1864 et
1113 1802 1215 1864 beate
1238 1800 1369 1885 Virgini
1393 1800 1500 1864 Marie
1525 1822 1566 1865 ac

451 1904 554 1969 beato
577 1905 735 1969 Wilirido
758 1910 792 1968 et
816 1904 895 1969 eccl.
921 1904 1003 1969 Coll.
1029 1904 1172 1988 predict.
1198 1925 1238 1969 ac
1260 1905 1342 1969 d'no
1366 1905 1497 1969 Rob’to
1521 1905 1565 1969 de

451 2008 585 2074 Witton
615 2009 799 2092 Capeliano
830 2008 928 2072 Gilde
958 2015 994 2073 et
1024 2015 1189 2093 perpetue
1219 2009 1379 2074 Cantarie
1409 2009 1565 2093 predicte

451 2114 644 2197 futurisque
683 2113 933 2177 successoribus
973 2113 1043 2177 suis
1083 2113 1267 2197 capellanis
1306 2114 1564 2197 imperpetuum

450 2218 571 2282 missas
587 2225 621 2281 et
638 2217 705 2281 alia
717 2217 836 2281 diuina
848 2216 959 2280 officia
975 2217 1020 2280 ad
1036 2217 1144 2281 altare
1160 2218 1354 2300 predictum
1369 2218 1405 2282 in
1421 2217 1564 2283 ecclesia

451 2322 630 2406 collegiata
664 2322 819 2405 predicta
854 2321 1086 2397 celebraturis,
1123 2321 1282 2386 vndecim
1317 2322 1494 2406 mesuagia
1528 2327 1564 2386 et

451 2426 623 2491 sexdecim
639 2446 734 2491 acras
751 2432 839 2490 terre
854 2446 933 2490 cum
949 2425 1171 2510 pertinencijs
1186 2426 1221 2490 in
1239 2426 1377 2510 Ripon'‚
1394 2425 1565 2510 Studelay

452 2531 575 2615 Roger,
602 2536 636 2594 et
663 2529 945 2613 Northstanelay,
972 2536 1075 2613 prout
1102 2530 1137 2594 in
1163 2530 1267 2594 cartis
1292 2530 1371 2594 inde
1397 2530 1565 2595 coniectis

451 2634 584 2719 plenius
616 2634 823 2709 continetur,
858 2633 1017 2698 Habend.
1052 2634 1306 2718 imperpetuum
1338 2633 1373 2698 in
1406 2633 1563 2711 liberam,

267 2750 366 2799 nunes
379 2752 407 2799 of
452 2758 585 2824 puram,
606 2744 640 2802 et
661 2738 912 2822 imperpetuam
933 2737 1164 2801 elemosinam.
1212 2738 1379 2802 Volumus
1398 2737 1508 2802 eciam
1528 2745 1564 2804 et

264 2818 407 2881 chaplain.
452 2844 650 2908 ordinamus
685 2843 779 2928 quod
814 2842 989 2927 predictus
1025 2843 1101 2907 d’ns
1137 2843 1321 2918 RobertuS,
1358 2842 1565 2927 Capellanus

452 2947 551 3012 Gilde
578 2954 613 3011 et
642 2947 802 3012 Cantarie
830 2946 974 3030 predict.
1005 2954 1040 3011 et
1068 2968 1277 3012 successores
1305 2947 1357 3012 sui
1386 2946 1565 3032 Capellani

452 3072 570 3116 omnes
598 3059 633 3116 et
662 3051 784 3135 singuli
814 3071 875 3135 pro
903 3050 1033 3115 salubri
1062 3058 1158 3116 statu
1186 3057 1315 3127 nostro,
1345 3052 1566 3137 fratrumque

453 3157 528 3240 (εἰ)Ῑ
541 3176 696 3220 sororum
708 3155 806 3219 Gilde
818 3154 970 3238 predicte
982 3155 1178 3220 viuencium
1190 3176 1230 3220 ac
1242 3155 1424 3221 animabus
1435 3158 1565 3222 nostris

450 3266 530 3344 post
545 3266 702 3324 nostrum
719 3259 905 3334 decessum,
924 3258 1174 3342 animabusque
1191 3259 1337 3323 fratrum
1354 3266 1389 3323 et
1405 3280 1564 3327 sororum

450 3365 592 3448 predict.
609 3364 832 3446 omniumque
846 3362 999 3427 fidelium
1015 3363 1256 3428 defunctorum
1270 3364 1391 3427 missas
1406 3368 1564 3449 tempore

449 3489 519 3552 quo
558 3468 731 3552 prelatum
771 3466 867 3530 d'nm
908 3467 1076 3531 Rob'tum
1116 3467 1339 3551 Capellanum
1379 3474 1441 3531 aut
1481 3489 1563 3534 suos

449 3592 657 3637 successores
692 3570 888 3635 huiusmodi
923 3570 1054 3634 dictam
1089 3570 1288 3635 Cantariam
1323 3592 1492 3656 occupare
1527 3580 1562 3638 et

450 3676 622 3760 possidere
649 3674 894 3758 contingebat²
918 3674 1059 3759 singulis
1082 3675 1213 3750 diebus,
1238 3680 1394 3739 cessante
1417 3675 1562 3759 impedi·

449 3786 567 3844 mento
588 3779 751 3863 legitimo,
769 3778 813 3842 ad
834 3777 941 3841 altare
958 3778 1152 3861 predictum
1173 3778 1276 3842 modo
1298 3778 1416 3843 debito
1437 3780 1562 3864 imper·

450 3891 594 3968 petuum
629 3882 814 3947 celebrabit
848 3888 883 3945 et
917 3879 1152 3957 celebrabunt,
1187 3888 1222 3946 et
1256 3884 1350 3967 quod
1384 3883 1449 3967 ipsi
1484 3884 1563 3950 d'ns

451 3988 599 4053 Rob'tus
625 3986 829 4071 Capellanus
856 3992 891 4049 et
917 3986 1021 4049 ceteri
1048 4007 1258 4050 successores
1284 3987 1335 4051 sui
1363 3987 1562 4053 huiusmodi

449 4092 548 4157 Gilde
576 4097 610 4155 et
640 4089 800 4155 Cantarie
828 4089 1003 4173 Capellani
1032 4090 1287 4174 imperpetuum
1317 4091 1474 4176 quolibet
1504 4093 1561 4156 die

448 4198 483 4261 in
511 4196 580 4261 suis
608 4195 718 4259 missis
746 4193 941 4258 huiusmodi
969 4201 1073 4278 prout
1101 4194 1149 4257 eis
1176 4195 1297 4259 melius
1325 4202 1361 4259 et
1389 4195 1561 4261 salubrius

448 4300 608 4365 videatur
632 4298 791 4383 expedire
813 4297 1007 4361 oracionem
1029 4298 1221 4382 specialem,
1244 4298 1404 4363 videlicet
1431 4299 1561 4365 “Deus

447 4408 546 4472 venie
555 4405 747 4491 largitor,’'³
760 4410 837 4480 etc,
849 4424 889 4468 ac
899 4411 977 4488 post
988 4406 1134 4470 verbum
1146 4412 1165 4435 “
1177 4405 1387 4471 transierunt
1398 4405 1416 4427 ''
1428 4405 1560 4471 addan·

447 4519 505 4577 tur
523 4513 588 4576 hac
606 4511 723 4585 verba,
745 4507 834 4573 “vel
850 4529 936 4593 quos
953 4529 1091 4593 presens
1107 4510 1259 4573 seculum
1276 4510 1390 4575 adhuc
1406 4509 1440 4573 in
1457 4530 1560 4575 carne

518 4679 525 4701 ¹
546 4671 603 4720 Not
613 4672 641 4719 in
655 4671 711 4720 MS.
785 4678 795 4700 ²
813 4673 850 4722 So
862 4673 891 4721 in
905 4672 971 4727 MS„
987 4672 1155 4735 apparently
1169 4670 1210 4718 lor
1226 4677 1242 4697 ‘⁶
1253 4671 1427 4735 contingat.''

517 4766 527 4799 ³
546 4762 623 4815 York
636 4762 729 4812 Missal
744 4763 888 4827 (Sortees),
905 4763 943 4817 11,
962 4762 1041 4825 1871*
1053 4770 1073 4777 ·
