3950 5625
467 712 532 779 226
753 715 831 779 Tne
857 714 1013 780 Iuorrar
1036 715 1283 782 Minoscnrpr.
1360 780 1363 785 .

470 893 557 974 (321)
578 893 779 959 Couurssro
798 910 953 959 ornnem
971 894 1152 970 Caprruro
1170 911 1239 959 rno
1256 911 1483 959 inmissione
1503 895 1584 960 o’nr

510 998 641 1063 Trione
666 999 791 1064 Borrre
814 1016 863 1063 An
886 1016 1109 1063 PREBENDAM
1133 1017 1180 1062 ne
1203 999 1396 1063 Nuuwmrr.

553 1153 722 1218 Will'mus
750 1154 969 1237 permissione
995 1153 1123 1228 diuina,
1146 1159 1222 1227 etc.,
1246 1153 1303 1217 dil.
1321 1153 1356 1216 in
1382 1153 1464 1237 Xpo
1487 1153 1582 1238 filijs,

466 1256 522 1321 Ca.
544 1257 622 1321 eccl.
644 1258 715 1321 n're
735 1257 858 1340 Colleg.
880 1257 973 1320 beati
993 1257 1102 1322 Wilfr.
1125 1257 1261 1340 Ripon'‚
1282 1277 1329 1321 sa.
1350 1277 1420 1340 gra.
1442 1263 1478 1320 et
1499 1259 1580 1323 ben.

465 1360 553 1444 Quia
581 1382 643 1425 nos
671 1361 728 1426 dil.
759 1361 793 1425 in
823 1361 872 1424 Χο
902 1361 946 1425 til.
977 1361 1059 1425 d’no
1087 1361 1217 1425 Thome
1246 1361 1357 1425 Bothe
1385 1361 1582 1444 presbitero

465 1465 714 1530 Canonicatum
738 1466 772 1530 in
798 1466 877 1530 eccl.
903 1465 978 1529 n'ra
1003 1465 1125 1549 Colleg.
1154 1465 1277 1549 Ripon'
1304 1472 1338 1529 et
1363 1466 1581 1549 prebendam

464 1568 506 1633 de
533 1568 681 1634 Nunwik
708 1570 742 1633 in
769 1569 888 1633 eadem
915 1589 975 1653 per
1000 1576 1147 1633 mortem
1175 1569 1293 1652 Mag'ri
1319 1568 1423 1633 Will’i
1450 1569 1581 1655 Scrope

464 1673 575 1737 vltimi
612 1674 812 1757 possessoris
848 1674 1035 1738 eorundem
1070 1680 1234 1737 vacantes
1269 1680 1303 1737 et
1339 1672 1384 1737 ad
1418 1680 1580 1739 nostram

463 1778 683 1843 collacionem
720 1779 821 1861 pleno
857 1778 928 1842 iure
965 1782 1161 1861 spectantes
1197 1777 1406 1842 contulimus
1442 1777 1580 1844 intuitu

462 1882 627 1956 caritatis,
652 1883 758 1946 Vobis
779 1882 985 1946 mandamus
1014 1882 1179 1965 quatinus
1207 1881 1381 1965 prelatum
1402 1882 1580 1948 Thomam

463 1986 574 2050 Bothe
592 1987 647 2050 vel
666 1991 922 2070 procuratorem
941 2006 1042 2049 suurn
1061 1985 1132 2050 eius
1151 1986 1288 2049 nomine
1307 1985 1579 2069 incorporalem

461 2091 707 2174 possessionem
723 2090 894 2154 dictorum
912 2089 1142 2154 Canonicatus
1158 2096 1192 2153 et
1210 2089 1381 2173 prebende
1398 2090 1579 2157 inducatis

460 2215 519 2259 seu
558 2195 673 2259 induci
712 2194 847 2258 faciatis
885 2215 964 2258 cum
1001 2194 1071 2257 suis
1109 2193 1239 2258 iuribus
1277 2199 1312 2257 et
1350 2193 1579 2280 pertinencijs

460 2299 636 2374 uniuersis,
666 2299 806 2362 stallum
835 2298 869 2362 in
898 2299 1002 2362 choro
1030 2305 1064 2362 et
1092 2297 1206 2362 locum
1234 2299 1269 2362 in
1297 2298 1451 2382 capitulo
1480 2299 1578 2365 dicte

459 2403 596 2467 ecclesie
623 2410 738 2467 nostre
763 2402 946 2486 Collegiate
970 2402 1072 2466 dictis
1095 2402 1313 2466 canonicatui
1337 2408 1372 2467 et
1396 2405 1578 2486 prebende

459 2508 652 2591 antiquitus
685 2507 893 2591 pertinentia
926 2506 1062 2590 prefato
1095 2507 1225 2571 Thome
1260 2507 1371 2571 Bothe
1404 2507 1459 2571 vel
1494 2528 1576 2592 pro-

458 2612 607 2676 curatori
628 2632 690 2676 suo
711 2612 783 2675 eius
804 2610 941 2675 nomine
962 2611 1078 2675 debite
1100 2611 1321 2694 assignantes.
1370 2611 1451 2676 Dat.
1476 2615 1576 2696 apud

459 2717 627 2799 Hakeney
647 2718 711 2780 sub
731 2715 840 2799 sigillo
861 2715 935 2779 n’ro
956 2715 1118 2779 vicesimo
1139 2736 1230 2779 nono
1251 2715 1305 2779 die
1325 2715 1450 2779 mensis
1472 2716 1574 2801 Maij,

458 2820 559 2885 Anno
591 2816 652 2884 Doi
686 2818 764 2883 ΜΙῐῃο
796 2841 872 2884 cccc
906 2820 1117 2905 sexagesimo
1151 2821 1267 2896 tercio,
1302 2826 1575 2906 nostrarumque

458 2924 733 2988 consecracionis
752 2924 797 2987 Α0
816 2924 1059 2999 sextodecimo,
1080 2931 1114 2987 et
1134 2924 1264 2989 Transl.
1286 2924 1478 2991 vndecim0.

547 3065 754 3130 Mandatum
782 3066 1020 3150 supradictum
1047 3066 1179 3130 editum
1207 3065 1272 3130 luit
1303 3066 1338 3129 in
1366 3066 1470 3130 domo
1502 3067 1574 3132 Cari

457 3190 517 3254 per
539 3170 634 3234 d'nm
657 3170 784 3234 Will’m
809 3170 916 3234 Sawle
939 3169 1107 3233 vicarium
1130 3170 1220 3234 dicte
1244 3170 1323 3235 eccl.
1349 3176 1384 3234 et
1407 3191 1572 3253 procura-

458 3282 567 3339 torem
592 3275 658 3339 d'ci
683 3275 813 3339 Thome
840 3274 951 3338 Bothe
976 3273 1071 3357 xxvij
1100 3273 1155 3337 die
1180 3274 1305 3338 mensis
1330 3274 1439 3358 Junij,
1465 3276 1572 3341 Anno

457 3375 518 3443 Doi
538 3379 679 3443 Mill'mo
698 3400 774 3443 cccc
793 3374 910 3462 lxiijee

363 3562 366 3567 ’
458 3571 545 3653 (322)
578 3570 757 3634 Anurssro
787 3586 883 3633 nicrr
914 3569 1047 3634 Tirone
1078 3570 1204 3634 Borrae
1235 3588 1284 3634 AD
1315 3588 1452 3636 meran
1482 3591 1568 3638 PRE-

501 3691 664 3739 neuneu.

306 4441 377 4504 Abp.

261 4507 300 4554 W.
321 4508 421 4556 Booth.

543 3815 741 3899 Capitulum
761 3816 840 3880 eccl.
863 3815 944 3881 Coll.
966 3816 1059 3880 beati
1079 3816 1226 3880 Wilfridi
1246 3817 1371 3901 Ripon'
1392 3839 1469 3885 ven.
1491 3822 1568 3886 viro

454 3921 536 3984 d'no
572 3921 702 3985 Thome
740 3920 861 3996 Bothe,
900 3920 1048 3985 salutem
1084 3921 1119 3985 in
1156 3927 1295 3986 auctore
1332 3923 1463 3989 salutis.
1511 3926 1568 3991 Ad

455 4025 705 4089 canonicatum
729 4031 763 4087 et
788 4024 999 4108 prebendam
1023 4024 1065 4088 de
1089 4024 1257 4089 Nunwick
1282 4025 1316 4090 in
1341 4027 1419 4091 eccl.
1446 4035 1566 4094 nostra

456 4129 578 4213 Colleg.
606 4129 680 4193 n'ra
708 4128 778 4211 (sic)
806 4128 961 4212 predicta
987 4129 1112 4212 Ripon'
1140 4150 1199 4213 per
1223 4135 1371 4194 mortem
1395 4152 1472 4197 ven.
1499 4134 1565 4197 viri

456 4233 531 4296 M'ri
550 4232 654 4297 Will’i
674 4232 799 4315 Scrope
818 4232 931 4296 vltimi
951 4234 1152 4316 possessoris
1172 4234 1357 4297 eorundem
1377 4234 1564 4301 Canonica-

456 4344 512 4401 tus
537 4342 572 4400 et
597 4336 768 4420 prebende
793 4342 957 4400 vacantes
983 4343 1017 4400 et
1043 4337 1106 4400 tibi
1132 4358 1192 4421 per
1218 4338 1395 4402 Reuerenm
1420 4339 1455 4404 in
1482 4340 1563 4425 Xpo

456 4448 589 4524 patrem
617 4447 651 4504 et
679 4440 774 4504 d’nm
801 4440 890 4504 n’rm
917 4441 1014 4504 d'nm
1040 4439 1169 4506 Will'm
1197 4442 1416 4525 permissione
1444 4443 1561 4509 diuina

456 4546 557 4610 Ebor.
579 4544 881 4628 archiepiscopum,
903 4550 969 4620 etc„
987 4544 1140 4621 collatos,
1159 4551 1193 4609 te
1213 4546 1246 4609 in
1266 4566 1446 4629 personam
1471 4547 1560 4611 d'ci¹

454 4649 557 4714 Will'i
584 4649 762 4733 presbiteri
789 4654 824 4712 et
852 4649 969 4733 vicarij
1000 4649 1230 4733 procuratoris
1258 4650 1308 4715 tui
1336 4650 1559 4717 sufficientem

524 4807 532 4828 ¹
551 4803 609 4853 Not
621 4802 715 4851 before
728 4803 837 4853 named.
