3950 5625
423 719 465 779 30
697 698 781 761 Tria
808 698 961 761 lurrrcssv
989 696 1248 759 Mnuuscrrrrr.

422 873 693 938 consuetudines
711 886 746 936 vt
770 871 1004 936 verisimiliter
1027 871 1201 934 credimus
1227 891 1295 934 non
1321 883 1403 933 sunt
1428 869 1529 933 vobis

424 973 614 1056 incognita,
630 973 673 1036 ad
693 971 908 1054 paternitatis
924 985 1039 1034 tamen
1059 983 1171 1033 vestre
1189 969 1392 1033 memoriam
1410 969 1529 1051 aliqua

422 1074 464 1136 de
510 1073 639 1136 eisdem
686 1072 851 1135 duximus
891 1070 1096 1134 reducenda.
1179 1072 1216 1133 ln
1258 1071 1391 1153 primis,
1434 1070 1528 1152 quod

418 1171 620 1256 jurisdiccio
637 1171 839 1235 omnimoda
856 1170 1048 1252 spiritualis
1069 1171 1102 1233 in
1124 1171 1239 1235 causis
1265 1170 1529 1234 matrimoniali-

422 1274 488 1335 bus
513 1285 546 1336 et
573 1271 841 1335 testamentariis
868 1291 908 1334 ac
935 1269 1014 1354 alijs
1041 1271 1085 1334 ad
1113 1271 1224 1334 iorum
1255 1270 1527 1334 ecclesiasticum

423 1371 675 1456 pertinentibus
710 1370 753 1433 ad
794 1371 882 1434 idem
917 1369 1116 1452 Capitulum
1153 1370 1283 1453 Ripon'
1314 1370 1461 1452 pertinet
1494 1370 1527 1432 in

424 1472 582 1554 personis
609 1485 642 1534 et
671 1473 772 1534 rebus
796 1468 1035 1553 jurisdiccioni
1061 1469 1215 1534 eiusdem
1242 1469 1401 1533 subditis
1453 1470 1530 1532 Sub

423 1593 493 1654 quo
528 1573 644 1645 verb0,
688 1571 764 1634 licet
803 1571 922 1632 omnia
961 1569 1076 1634 forsan
1112 1570 1202 1653 juris
1242 1569 1531 1651 interpretacione

426 1671 621 1734 nocionalia
639 1671 777 1733 valeant
793 1669 1052 1751 comprehendi,
1069 1670 1187 1751 aliqua
1201 1682 1314 1733 tamen
1334 1669 1531 1751 specialiter

424 1771 589 1834 duximus
620 1770 856 1852 exprimenda,
892 1769 1062 1843 videlicet,
1102 1782 1253 1851 potestas
1288 1769 1529 1851 sequestrandi

425 1873 517 1934 bona
544 1870 784 1934 defunctorum
808 1882 841 1933 et
867 1870 975 1933 eciam
1003 1870 1161 1932 vinorum
1189 1870 1222 1931 in
1248 1869 1388 1933 casibus
1411 1891 1432 1932 a
1457 1870 1531 1932 iure

426 1971 615 2054 permissis,
651 1970 953 2033 Testameutorum
997 1970 1159 2052 probacio
1197 1970 1411 2034 admittenda
1450 1991 1530 2033 cum

424 2071 586 2153 aliisque
605 2071 848 2153 probacionem
868 2070 1062 2134 testamenti
1082 2070 1282 2134 huiusmodi
1307 2070 1529 2144 comitantur,

427 2169 470 2232 Et
499 2170 531 2232 in
565 2168 666 2232 bonis
699 2169 937 2232 intestatorum
970 2169 1232 2233 administracio
1259 2169 1328 2254 juri
1362 2191 1529 2246 consona,

427 2269 638 2352 Principalia
680 2269 787 2333 eciam
832 2291 893 2333 seu
935 2270 1122 2332 mortuaria
1160 2283 1229 2332 tam
1272 2269 1530 2335 Canonicorum

425 2391 529 2452 quam
547 2370 783 2452 quorumlibet
801 2369 1037 2432 ministrorum
1055 2369 1209 2433 eiusdem
1236 2370 1379 2434 ecclesie
1399 2369 1534 2453 Ripon'

427 2469 553 2532 ibidem
568 2469 826 2543 decedeneium,
840 2481 872 2531 et
885 2469 1032 2532 aliorum
1051 2470 1287 2552 quorumlibet
1305 2470 1534 2552 parochiano-

428 2590 501 2631 rum
520 2568 688 2643 eiusdem,
718 2568 802 2632 Item
823 2568 865 2631 de
889 2568 1045 2650 quolibet
1069 2568 1249 2632 Canonico
1272 2569 1427 2633 eiusdem
1445 2572 1528 2633 ecel.

430 2667 559 2749 Ripon'
588 2668 773 2731 decedente
802 2667 1000 2749 Vbicunque
1024 2668 1209 2732 decesserit
1234 2690 1301 2731 vna
1325 2690 1412 2751 capa
1435 2669 1532 2732 chori

427 2768 479 2831 vel
516 2767 633 2831 decem
669 2787 771 2831 marc.
806 2766 941 2851 argenti
983 2788 1045 2850 pro
1077 2767 1209 2843 eadem,
1254 2767 1297 2831 Et
1338 2767 1533 2832 palefridus

427 2890 512 2931 suus
537 2868 669 2943 melior,
697 2868 724 2930 si
752 2868 878 2931 ibidem
904 2868 1100 2942 decesserit,
1125 2870 1200 2932 loco
1226 2867 1415 2952 mortuarij,
1447 2870 1531 2932 ltem

427 2968 469 3031 de
493 2967 649 3049 quolibet
674 2968 780 3030 milite
804 2967 991 3031 decedente
1015 2967 1208 3031 dextrarius
1228 2989 1313 3031 suus
1329 2986 1407 3031 cum
1425 2969 1533 3030 armis

429 3067 647 3131 militaribus

430 3246 476 3311 13.
752 3232 823 3313 (34)
850 3230 906 3293 De
933 3247 1083 3293 bucinus
1108 3248 1226 3293 srcuu.

516 3369 565 3446 (in
596 3369 626 3432 le
653 3369 734 3432 hors
762 3370 835 3432 clos
863 3381 895 3432 et
924 3368 957 3430 in
985 3368 1016 3430 le
1043 3368 1282 3453 Stubbynges.
1348 3368 1534 3432 Sentencia

428 3468 612 3532 diffinitiua
631 3489 690 3551 per
706 3468 824 3531 d'num
844 3467 1132 3532 Commissarium
1152 3467 1255 3532 Curio
1274 3468 1377 3532 Ebor.
1430 3468 1473 3530 Et
1499 3469 1532 3530 in

430 3569 497 3632 isto
533 3570 637 3632 latere
676 3581 768 3651 patet
799 3568 881 3650 quid
915 3568 958 3630 sit
990 3568 1079 3630 silua
1111 3568 1230 3644 cedua,
1266 3589 1326 3651 per
1356 3569 1532 3650 quandam

429 3669 741 3748 declarationem).¹

261 3846 411 3908 olim-29·
518 3819 703 3883 Vniuersis
734 3840 760 3881 s.
794 3840 838 3881 m.
873 3817 1017 3882 ecclesie
1048 3817 1130 3902 filijs
1157 3819 1199 3882 ad
1236 3840 1325 3901 quos
1358 3832 1535 3901 presentes

431 3920 526 3984 litere
559 3919 789 4001 peruenerint.
853 3918 934 3981 D’ni
968 3917 1138 3982 Officialis
1166 3917 1269 3982 Curie
1301 3919 1403 3981 Ebor.
1432 3919 1536 3983 Com-

431 4020 611 4083 missarius
650 4019 836 4100 generalis
878 4019 1025 4082 salutem
1067 4018 1100 4080 in
1147 4018 1313 4082 Domino.
1390 4019 1535 4082 Nouerit

431 4119 640 4183 uniuersitas
657 4133 771 4183 vestra
789 4140 852 4181 nos
870 4118 1064 4201 penultimo
1080 4118 1135 4182 die
1161 4119 1291 4182 mensis
1310 4119 1532 4193 Nouembris

429 4241 524 4283 anno
564 4219 645 4283 D'ni
688 4219 850 4281 Mill'imo
888 4230 987 4282 ccc¹¹¹⁰
1024 4216 1245 4298 sexagesimo
1284 4232 1418 4300 quarto,
1457 4239 1536 4281 sen-

431 4320 577 4384 tenciam
596 4318 817 4382 diffinitiuam
837 4318 870 4380 in
889 4317 1040 4399 quadam
1061 4337 1167 4379 causa
1191 4338 1295 4399 super
1320 4318 1536 4399 prestacione

430 4420 607 4501 (όεὲείιτιθ)2
623 4419 711 4482 silue
728 4418 834 4481 cedue
858 4418 945 4481 inter
967 4430 1081 4499 partes
1106 4416 1341 4499 infrascriptas
1366 4418 1399 4480 in
1425 4416 1536 4481 forma

430 4541 498 4603 que
515 4518 672 4601 sequitur
686 4518 882 4600 protulisse.
924 4518 961 4579 ln
979 4515 1044 4579 Dei
1062 4515 1212 4587 nomine,
1230 4516 1355 4579 Amen.
1396 4516 1536 4580 Auditis

430 4633 463 4685 et
481 4618 662 4683 intellectis
680 4617 811 4681 meritis
827 4638 930 4680 cause
943 4637 1049 4699 super
1066 4616 1281 4698 prestacione
1297 4616 1430 4679 decime
1447 4617 1536 4680 silue

496 4732 509 4799 ¹.
523 4732 552 4819 In
565 4786 582 4817 a
595 4770 663 4817 later
677 4768 756 4816 band.
825 4771 835 4792 ²
852 4767 974 4814 Omitted
987 4767 1013 4813 in
1027 4766 1084 4813 MS.
