3950 5625
457 681 519 763 156
740 685 820 749 Tim
844 686 1001 752 lucram(
1025 689 1271 757 Manuscrurr.

457 861 619 946 (stallum)
647 863 682 928 in
706 864 809 929 choro
834 872 868 930 et
893 867 1006 932 locum
1030 871 1066 932 in
1090 868 1250 954 Capitulo
1274 871 1365 936 dicte
1389 876 1566 957 prebende

454 970 672 1054 pertinentia,
714 973 914 1056 dictumque
954 973 1123 1038 Thomam
1163 982 1420 1059 procuratorem
1462 984 1564 1044 tuum

453 1074 591 1139 nomine
610 1080 671 1140 tuo
689 1077 724 1140 in
742 1076 952 1160 corporalem
973 1077 1243 1162 (possessionem)
1265 1080 1370 1164 ipsius
1388 1084 1564 1164 prebende

453 1198 513 1262 per
545 1179 641 1243 d'nm
674 1180 811 1262 Joh'em
846 1179 981 1243 Rednes
1015 1181 1340 1248 Subthesaurarium
1373 1185 1452 1250 eccl.
1488 1186 1564 1249 n’re

453 1282 619 1347 installari
633 1290 667 1347 et
681 1284 796 1348 induci
810 1284 962 1359 lecimus
977 1305 1056 1350 cum
1069 1287 1138 1350 suis
1151 1287 1282 1351 iuribus
1295 1292 1329 1351 et
1342 1288 1563 1371 pertinenciis

455 1387 642 1469 (vniuersis.
701 1389 741 1453 In
774 1388 880 1471 cuius)
917 1389 963 1452 rei
997 1391 1233 1455 testimonium
1265 1391 1413 1477 sigillum
1445 1394 1561 1458 n’rum

451 1492 666 1575 presentibus
694 1499 745 1556 est
774 1513 974 1576 appensum.
1023 1495 1104 1559 Dat.
1136 1495 1259 1579 Ripon'
1290 1497 1325 1560 in
1353 1497 1457 1562 domo
1485 1499 1562 1563 n’ro

452 1595 650 1679 Capitulari,
673 1593 834 1661 vicesimo
856 1604 981 1682 quarto
1003 1598 1058 1663 die
1079 1601 1219 1683 me(nsis
1241 1602 1430 1686 Februarii)
1455 1602 1559 1667 Anno

451 1700 531 1764 D'ni
552 1700 729 1765 Millesimo
748 1716 866 1766 cccc¹¹¹0
884 1723 985 1768 nono,

454 1843 541 1925 (229)
571 1842 750 1908 Aonrssro
780 1861 912 1909 bonini
942 1845 1099 1910 chnnur
1130 1847 1310 1923 Pnnurrs,
1340 1848 1560 1924 Caprariam,

494 1963 544 2010 An
566 1947 809 2029 (PREBENDAM
831 1965 879 2011 oa
899 1949 1110 2033 Monimou).

539 2077 717 2153 Henricus
743 2083 810 2153 etc,
835 2097 873 2140 as
896 2076 934 2140 in
957 2078 1022 2143 No,
1048 2079 1122 2144 226.
1178 2081 1267 2164 Quia
1290 2101 1352 2144 nos
1375 2080 1502 2145 dilecto
1526 2082 1561 2146 in

450 2202 520 2266 xpo
546 2181 615 2245 filio
642 2181 782 2246 domino
810 2182 959 2246 Ricardo
986 2183 1143 2267 Prentys,
1170 2184 1370 2269 presbitero
1401 2185 1561 2267 (Canoni-

450 2288 579 2369 catum)
598 2286 676 2350 eccl.
695 2287 766 2350 n're
782 2286 965 2371 Collegiate
982 2288 1107 2371 Ripon’
1124 2288 1276 2372 predicte
1293 2293 1327 2351 et
1344 2288 1561 2354 Prebendam

449 2391 492 2455 de
528 2392 695 2456 Monkton
731 2392 766 2455 in
801 2391 921 2455 eadem
956 2412 1018 2476 per
1052 2398 1199 2456 mortem
1234 2393 1364 2457 domini
1400 2395 1560 2479 Hugonis

450 2495 667 2581 Cotyngham
695 2496 808 2559 vltimi
839 2495 1024 2579 (Canonici)
1056 2501 1091 2559 et
1120 2496 1338 2581 Prebendarij
1371 2498 1560 2563 eorundem

449 2605 624 2676 vacantes,
641 2605 676 2664 et
692 2600 737 2663 ad
751 2604 906 2664 nostram
922 2598 1143 2664 collacionem
1157 2600 1259 2684 pleno
1274 2601 1345 2665 iure
1360 2606 1560 2685 spectantes

449 2705 657 2769 contulimus
685 2704 815 2769 intuitu
842 2704 1007 2780 caritatis,
1037 2711 1071 2768 et
1099 2705 1212 2789 ipsum
1240 2704 1451 2769 Canonicum
1479 2706 1559 2770 Pre-

449 2808 640 2873 bendatum
675 2808 754 2873 eccl.
791 2808 862 2872 n're
898 2807 1021 2894 Colleg.
1058 2808 1210 2893 predicte
1245 2830 1305 2893 per
1339 2809 1458 2874 birreti
1493 2811 1558 2876 n'ri

450 2913 674 2977 tradicionem
708 2914 911 2977 inuestimus
944 2912 1197 2997 presencialiter
1229 2913 1272 2977 de
1304 2913 1442 2990 eisdem,
1478 2936 1558 2980 cum

448 3018 518 3083 suis
544 3018 674 3083 iuribus
693 3024 727 3081 et
750 3017 872 3102 pertin.
894 3017 1070 3081 vniuersis
1118 3016 1224 3081 Vobis
1247 3017 1464 3095 mandamus,
1487 3024 1557 3095 etc„

449 3142 486 3186 as
521 3121 559 3185 in
589 3122 654 3186 No.
688 3121 761 3187 226.
806 3123 887 3186 Dat.
920 3120 1085 3186 London„
1106 3121 1141 3184 in
1168 3119 1320 3205 hospicio
1351 3121 1426 3187 n'ro
1457 3122 1558 3187 iuxta

448 3226 590 3292 Westm.
612 3227 745 3292 decimo
763 3249 855 3291 nono
874 3227 928 3291 die
947 3225 1073 3290 mensis
1092 3224 1281 3309 Februarij,
1298 3225 1401 3290 Anno
1416 3227 1558 3291 Domini

449 3330 627 3395 Millesimo
651 3330 994 3415 Quadringentesimo
1018 3329 1129 3404 N0n0‚
1155 3334 1189 3392 et
1211 3330 1283 3393 n're
1307 3331 1557 3397 translacioniis

448 3436 563 3500 tercio,

536 3553 635 3617 Istud
654 3552 860 3617 mandatum
880 3551 945 3616 iuit
964 3555 1202 3635 presentatum
1222 3551 1556 3617 vicesimosecundo

446 3657 501 3721 die
529 3657 654 3721 mensis
684 3656 799 3741 Marcij
831 3656 932 3720 Anno
961 3654 1100 3718 Domini
1129 3654 1339 3738 supradicto,
1369 3661 1404 3719 et
1433 3656 1554 3720 eodem

446 3761 501 3825 die
518 3761 584 3826 luit
600 3761 769 3825 admissus
785 3781 845 3845 per
861 3765 1128 3845 procuratorem,
1145 3778 1247 3842 super
1262 3779 1333 3842 qua
1349 3758 1555 3824 admissione

377 3928 384 3939 ,
446 3865 569 3930 habuit
588 3863 720 3929 litteras
739 3863 888 3948 Capituli
907 3865 942 3928 in
962 3863 1073 3927 iorma
1091 3867 1194 3945 prout
1212 3862 1377 3947 sequitur.

928 4005 1029 4087 (230).

535 4136 592 4200 Ca.
622 4135 701 4200 eccl.
732 4135 805 4199 coll.
836 4136 869 4198 b.
899 4134 951 4197 W.
984 4132 1061 4217 Rip.
1092 4132 1283 4197 honorabili
1311 4133 1386 4197 viro
1414 4133 1554 4198 domino

449 4241 596 4305 Ricardo
616 4240 772 4322 Prentys,
792 4238 986 4322 Capellan0,
1006 4258 1053 4301 sa.
1075 4236 1108 4300 in
1127 4237 1208 4301 sinc.
1229 4237 1332 4321 ampl.
1353 4237 1551 4302 Saluatoris.

445 4346 500 4410 Ad
521 4346 770 4410 Canonicatum
791 4344 869 4407 eccl.
893 4343 964 4406 n're
986 4342 1064 4425 Rip.
1088 4347 1122 4404 et
1144 4341 1241 4405 Preb.
1265 4342 1307 4405 de
1329 4342 1497 4406 Monkton
1518 4342 1553 4405 in

444 4450 564 4514 eadem
591 4469 652 4533 per
678 4453 824 4512 mortem
851 4446 982 4510 domini
1010 4446 1166 4530 Hugonis
1194 4446 1411 4531 Cotyngham
1439 4446 1551 4510 vltimi

444 4552 606 4617 Canonici
628 4557 663 4615 et
686 4552 783 4615 Preb.
809 4549 995 4614 eorundem
1017 4556 1191 4624 vacantes
1216 4556 1250 4614 et
1274 4550 1338 4613 tibi
1360 4571 1420 4634 per
1442 4571 1552 4615 reuer-

443 4657 665 4721 endissimum
691 4656 726 4719 in
752 4675 820 4739 xpo
846 4654 981 4737 patrem
1007 4660 1041 4717 et
1068 4652 1247 4718 dominum
1272 4660 1429 4719 nostrum
1455 4654 1551 4719 d'nm

266 4782 300 4833 >1³-
322 4768 427 4818 Bowet.
443 4760 631 4825 Henricum
655 4780 760 4844 perm.
786 4758 855 4823 div.
881 4758 984 4821 Ebor.
1009 4758 1111 4822 Arch.
1136 4758 1235 4844 Angl.
1262 4759 1315 4823 Pr.
1341 4765 1376 4823 et
1400 4780 1454 4842 ap.
1480 4759 1548 4823 sed.
