<?xml version="1.0" encoding="UTF-8"?>
<!DOCTYPE html PUBLIC "-//W3C//DTD XHTML 1.0 Transitional//EN"
    "http://www.w3.org/TR/xhtml1/DTD/xhtml1-transitional.dtd">
<html xmlns="http://www.w3.org/1999/xhtml" xml:lang="en" lang="en">
 <head>
  <title>
</title>
<meta http-equiv="Content-Type" content="text/html;charset=utf-8" />
  <meta name='ocr-system' content='tesseract 3.04.00' />
  <meta name='ocr-capabilities' content='ocr_page ocr_carea ocr_par ocr_line ocrx_word'/>
</head>
<body>
  <div class='ocr_page' id='page_1' title='image "./memorialschurch00fowlgoog_0255.png"; bbox 0 0 3950 5625; ppageno 0'>
   <div class='ocr_carea' id='block_1_1' title="bbox 699 683 1436 769">
    <p class='ocr_par' dir='ltr' id='par_1_1' title="bbox 699 683 1436 769">
     <span class='ocr_line' id='line_1_1' title="bbox 699 683 1436 769; baseline 0.005 -22"><span class='ocrx_word' id='word_1_1' title='bbox 699 683 792 748; x_wconf 80' lang='lat' dir='ltr'>Acis</span> <span class='ocrx_word' id='word_1_2' title='bbox 816 701 862 747; x_wconf 77' lang='lat' dir='ltr'>oF</span> <span class='ocrx_word' id='word_1_3' title='bbox 884 683 1063 748; x_wconf 74' lang='lat' dir='ltr'>enimi.</span> <span class='ocrx_word' id='word_1_4' title='bbox 1372 704 1436 769; x_wconf 81' lang='lat'>219</span> 
     </span>
    </p>
   </div>
   <div class='ocr_carea' id='block_1_2' title="bbox 325 861 1436 2304">
    <p class='ocr_par' dir='ltr' id='par_1_2' title="bbox 325 861 1436 2304">
     <span class='ocr_line' id='line_1_2' title="bbox 325 861 1435 948; baseline 0.004 -23"><span class='ocrx_word' id='word_1_5' title='bbox 325 861 582 946; x_wconf 90' lang='lat' dir='ltr'>sempiternam.</span> <span class='ocrx_word' id='word_1_6' title='bbox 630 862 828 926; x_wconf 87' lang='lat' dir='ltr'>Cantariam</span> <span class='ocrx_word' id='word_1_7' title='bbox 850 868 1052 946; x_wconf 83' lang='lat' dir='ltr'>perpetuam</span> <span class='ocrx_word' id='word_1_8' title='bbox 1075 863 1119 927; x_wconf 96' lang='lat' dir='ltr'>ad</span> <span class='ocrx_word' id='word_1_9' title='bbox 1142 863 1249 928; x_wconf 83' lang='lat' dir='ltr'>altare</span> <span class='ocrx_word' id='word_1_10' title='bbox 1270 864 1435 948; x_wconf 89' lang='lat' dir='ltr'>Assump-</span> 
     </span>
     <span class='ocr_line' id='line_1_3' title="bbox 326 966 1434 1050; baseline 0.003 -20"><span class='ocrx_word' id='word_1_11' title='bbox 326 966 434 1030; x_wconf 91' lang='lat' dir='ltr'>cionis</span> <span class='ocrx_word' id='word_1_12' title='bbox 457 967 558 1029; x_wconf 89' lang='lat' dir='ltr'>beate</span> <span class='ocrx_word' id='word_1_13' title='bbox 583 966 688 1030; x_wconf 90' lang='lat' dir='ltr'>Marie</span> <span class='ocrx_word' id='word_1_14' title='bbox 712 966 860 1050; x_wconf 85' lang='lat' dir='ltr'>Virginis</span> <span class='ocrx_word' id='word_1_15' title='bbox 884 967 919 1030; x_wconf 92' lang='lat' dir='ltr'>in</span> <span class='ocrx_word' id='word_1_16' title='bbox 943 967 1063 1031; x_wconf 91' lang='lat' dir='ltr'>eadem</span> <span class='ocrx_word' id='word_1_17' title='bbox 1088 968 1228 1031; x_wconf 91' lang='lat' dir='ltr'>ecclesia</span> <span class='ocrx_word' id='word_1_18' title='bbox 1252 969 1434 1033; x_wconf 83' lang='lat' dir='ltr'>fundatam</span> 
     </span>
     <span class='ocr_line' id='line_1_4' title="bbox 326 1069 1436 1155; baseline 0.004 -22"><span class='ocrx_word' id='word_1_19' title='bbox 326 1090 388 1154; x_wconf 89' lang='lat' dir='ltr'>per</span> <span class='ocrx_word' id='word_1_20' title='bbox 401 1076 548 1134; x_wconf 92' lang='lat' dir='ltr'>mortem</span> <span class='ocrx_word' id='word_1_21' title='bbox 563 1069 634 1134; x_wconf 90' lang='lat' dir='ltr'>d&#39;ni</span> <span class='ocrx_word' id='word_1_22' title='bbox 649 1070 779 1134; x_wconf 91' lang='lat' dir='ltr'>Thome</span> <span class='ocrx_word' id='word_1_23' title='bbox 794 1071 925 1135; x_wconf 90' lang='lat' dir='ltr'>Hawke</span> <span class='ocrx_word' id='word_1_24' title='bbox 940 1071 1053 1135; x_wconf 89' lang='lat' dir='ltr'>vltimi</span> <span class='ocrx_word' id='word_1_25' title='bbox 1068 1073 1269 1155; x_wconf 85' lang='lat' dir='ltr'>possessoris</span> <span class='ocrx_word' id='word_1_26' title='bbox 1284 1073 1436 1137; x_wconf 89' lang='lat' dir='ltr'>eiusdem</span> 
     </span>
     <span class='ocr_line' id='line_1_5' title="bbox 326 1174 1435 1260; baseline 0.003 -22"><span class='ocrx_word' id='word_1_27' title='bbox 326 1180 511 1239; x_wconf 91' lang='lat' dir='ltr'>vacantem</span> <span class='ocrx_word' id='word_1_28' title='bbox 548 1174 592 1238; x_wconf 98' lang='lat' dir='ltr'>ad</span> <span class='ocrx_word' id='word_1_29' title='bbox 628 1174 849 1239; x_wconf 87' lang='lat' dir='ltr'>collacionem</span> <span class='ocrx_word' id='word_1_30' title='bbox 884 1180 1039 1239; x_wconf 83' lang='lat' dir='ltr'>nostram</span> <span class='ocrx_word' id='word_1_31' title='bbox 1075 1176 1176 1260; x_wconf 92' lang='lat' dir='ltr'>pleno</span> <span class='ocrx_word' id='word_1_32' title='bbox 1212 1177 1283 1242; x_wconf 89' lang='lat' dir='ltr'>iure</span> <span class='ocrx_word' id='word_1_33' title='bbox 1320 1183 1353 1241; x_wconf 88' lang='lat' dir='ltr'>et</span> <span class='ocrx_word' id='word_1_34' title='bbox 1391 1178 1435 1242; x_wconf 90' lang='lat' dir='ltr'>ad</span> 
     </span>
     <span class='ocr_line' id='line_1_6' title="bbox 326 1278 1431 1365; baseline 0.004 -23"><span class='ocrx_word' id='word_1_35' title='bbox 326 1278 646 1343; x_wconf 86' lang='lat' dir='ltr'>denominacionem</span> <span class='ocrx_word' id='word_1_36' title='bbox 674 1279 794 1363; x_wconf 84' lang='lat' dir='ltr'>Mag’ri</span> <span class='ocrx_word' id='word_1_37' title='bbox 823 1280 934 1362; x_wconf 87' lang='lat' dir='ltr'>Joh¹is</span> <span class='ocrx_word' id='word_1_38' title='bbox 964 1281 1188 1345; x_wconf 90' lang='lat' dir='ltr'>Pakkenham</span> <span class='ocrx_word' id='word_1_39' title='bbox 1217 1281 1431 1365; x_wconf 80' lang='lat' dir='ltr'>prebendarij</span> 
     </span>
     <span class='ocr_line' id='line_1_7' title="bbox 326 1383 1435 1466; baseline 0.003 -20"><span class='ocrx_word' id='word_1_40' title='bbox 326 1383 499 1466; x_wconf 84' lang='lat' dir='ltr'>prebende</span> <span class='ocrx_word' id='word_1_41' title='bbox 535 1383 577 1453; x_wconf 89' lang='lat' dir='ltr'>de</span> <span class='ocrx_word' id='word_1_42' title='bbox 614 1383 790 1447; x_wconf 89' lang='lat' dir='ltr'>Sharrowe</span> <span class='ocrx_word' id='word_1_43' title='bbox 826 1384 861 1447; x_wconf 92' lang='lat' dir='ltr'>in</span> <span class='ocrx_word' id='word_1_44' title='bbox 897 1384 991 1448; x_wconf 93' lang='lat' dir='ltr'>dicta</span> <span class='ocrx_word' id='word_1_45' title='bbox 1027 1385 1167 1448; x_wconf 91' lang='lat' dir='ltr'>ecclesia</span> <span class='ocrx_word' id='word_1_46' title='bbox 1203 1391 1237 1449; x_wconf 90' lang='lat' dir='ltr'>et</span> <span class='ocrx_word' id='word_1_47' title='bbox 1274 1386 1435 1450; x_wconf 84' lang='lat' dir='ltr'>Canonici</span> 
     </span>
     <span class='ocr_line' id='line_1_8' title="bbox 328 1487 1435 1572; baseline 0.004 -22"><span class='ocrx_word' id='word_1_48' title='bbox 328 1487 570 1570; x_wconf 81' lang='lat' dir='ltr'>Residenciarij</span> <span class='ocrx_word' id='word_1_49' title='bbox 593 1487 627 1551; x_wconf 94' lang='lat' dir='ltr'>in</span> <span class='ocrx_word' id='word_1_50' title='bbox 646 1487 766 1551; x_wconf 92' lang='lat' dir='ltr'>eadem</span> <span class='ocrx_word' id='word_1_51' title='bbox 785 1489 849 1552; x_wconf 92' lang='lat' dir='ltr'>hac</span> <span class='ocrx_word' id='word_1_52' title='bbox 867 1488 941 1552; x_wconf 90' lang='lat' dir='ltr'>vice</span> <span class='ocrx_word' id='word_1_53' title='bbox 959 1494 1175 1572; x_wconf 79' lang='lat' dir='ltr'>spectantem</span> <span class='ocrx_word' id='word_1_54' title='bbox 1193 1489 1318 1554; x_wconf 92' lang='lat' dir='ltr'>dilecto</span> <span class='ocrx_word' id='word_1_55' title='bbox 1337 1490 1435 1554; x_wconf 91' lang='lat' dir='ltr'>nobis</span> 
     </span>
     <span class='ocr_line' id='line_1_9' title="bbox 327 1590 1435 1676; baseline 0.005 -22"><span class='ocrx_word' id='word_1_56' title='bbox 327 1590 361 1654; x_wconf 93' lang='lat' dir='ltr'>in</span> <span class='ocrx_word' id='word_1_57' title='bbox 378 1591 459 1675; x_wconf 93' lang='lat' dir='ltr'>Xpo</span> <span class='ocrx_word' id='word_1_58' title='bbox 476 1591 558 1655; x_wconf 92' lang='lat' dir='ltr'>d&#39;no</span> <span class='ocrx_word' id='word_1_59' title='bbox 574 1592 668 1674; x_wconf 87' lang='lat' dir='ltr'>Joh&#39;i</span> <span class='ocrx_word' id='word_1_60' title='bbox 684 1592 862 1676; x_wconf 89' lang='lat' dir='ltr'>Shyrbum</span> <span class='ocrx_word' id='word_1_61' title='bbox 878 1593 1067 1676; x_wconf 86' lang='lat' dir='ltr'>presbitero</span> <span class='ocrx_word' id='word_1_62' title='bbox 1083 1593 1289 1659; x_wconf 85' lang='lat' dir='ltr'>conferimus</span> <span class='ocrx_word' id='word_1_63' title='bbox 1305 1594 1435 1660; x_wconf 82' lang='lat' dir='ltr'>intuitu</span> 
     </span>
     <span class='ocr_line' id='line_1_10' title="bbox 326 1695 1435 1781; baseline 0.005 -23"><span class='ocrx_word' id='word_1_64' title='bbox 326 1695 492 1767; x_wconf 84' lang='lat' dir='ltr'>caritatis,</span> <span class='ocrx_word' id='word_1_65' title='bbox 538 1696 718 1780; x_wconf 90' lang='lat' dir='ltr'>ipsumque</span> <span class='ocrx_word' id='word_1_66' title='bbox 764 1696 942 1761; x_wconf 93' lang='lat' dir='ltr'>dominum</span> <span class='ocrx_word' id='word_1_67' title='bbox 986 1698 1123 1780; x_wconf 88' lang='lat' dir='ltr'>Joh¹em</span> <span class='ocrx_word' id='word_1_68' title='bbox 1168 1699 1345 1781; x_wconf 87' lang='lat' dir='ltr'>Shyrbum</span> <span class='ocrx_word' id='word_1_69' title='bbox 1390 1699 1435 1763; x_wconf 92' lang='lat' dir='ltr'>ad</span> 
     </span>
     <span class='ocr_line' id='line_1_11' title="bbox 326 1800 1435 1885; baseline 0.004 -21"><span class='ocrx_word' id='word_1_70' title='bbox 326 1800 525 1864; x_wconf 87' lang='lat' dir='ltr'>Cantariam</span> <span class='ocrx_word' id='word_1_71' title='bbox 548 1801 739 1885; x_wconf 84' lang='lat' dir='ltr'>predictam</span> <span class='ocrx_word' id='word_1_72' title='bbox 786 1801 1007 1866; x_wconf 81' lang='lat' dir='ltr'>admittimus</span> <span class='ocrx_word' id='word_1_73' title='bbox 1054 1807 1088 1866; x_wconf 92' lang='lat' dir='ltr'>et</span> <span class='ocrx_word' id='word_1_74' title='bbox 1135 1803 1348 1868; x_wconf 88' lang='lat' dir='ltr'>instituimus</span> <span class='ocrx_word' id='word_1_75' title='bbox 1395 1826 1435 1868; x_wconf 91' lang='lat' dir='ltr'>ac</span> 
     </span>
     <span class='ocr_line' id='line_1_12' title="bbox 327 1904 1434 1996; baseline 0.005 -29"><span class='ocrx_word' id='word_1_76' title='bbox 327 1904 579 1996; x_wconf 84' lang='lat' dir='ltr'>presencialiter</span> <span class='ocrx_word' id='word_1_77' title='bbox 608 1905 821 1981; x_wconf 77' lang='lat' dir='ltr'>inuestimuS,</span> <span class='ocrx_word' id='word_1_78' title='bbox 853 1927 985 1971; x_wconf 89' lang='lat' dir='ltr'>necnon</span> <span class='ocrx_word' id='word_1_79' title='bbox 1016 1913 1051 1970; x_wconf 88' lang='lat' dir='ltr'>et</span> <span class='ocrx_word' id='word_1_80' title='bbox 1081 1906 1197 1972; x_wconf 91' lang='lat' dir='ltr'>induci</span> <span class='ocrx_word' id='word_1_81' title='bbox 1227 1908 1369 1972; x_wconf 85' lang='lat' dir='ltr'>lecimus</span> <span class='ocrx_word' id='word_1_82' title='bbox 1400 1908 1434 1973; x_wconf 95' lang='lat' dir='ltr'>in</span> 
     </span>
     <span class='ocr_line' id='line_1_13' title="bbox 326 1996 1431 2094; baseline 0.005 -22"><span class='ocrx_word' id='word_1_83' title='bbox 326 2009 446 2073; x_wconf 89' lang='lat' dir='ltr'>eadem</span> <span class='ocrx_word' id='word_1_84' title='bbox 468 2030 546 2073; x_wconf 91' lang='lat' dir='ltr'>cum</span> <span class='ocrx_word' id='word_1_85' title='bbox 568 2010 638 2073; x_wconf 92' lang='lat' dir='ltr'>suis</span> <span class='ocrx_word' id='word_1_86' title='bbox 659 2009 790 2074; x_wconf 89' lang='lat' dir='ltr'>iuribus</span> <span class='ocrx_word' id='word_1_87' title='bbox 811 2016 846 2074; x_wconf 90' lang='lat' dir='ltr'>et</span> <span class='ocrx_word' id='word_1_88' title='bbox 869 1996 994 2094; x_wconf 69' lang='lat' dir='ltr'>pertin.¹</span> <span class='ocrx_word' id='word_1_89' title='bbox 1016 2011 1192 2076; x_wconf 90' lang='lat' dir='ltr'>vniuersis.</span> <span class='ocrx_word' id='word_1_90' title='bbox 1242 2012 1283 2075; x_wconf 93' lang='lat' dir='ltr'>In</span> <span class='ocrx_word' id='word_1_91' title='bbox 1304 2034 1332 2077; x_wconf 89' lang='lat' dir='ltr'>c.</span> <span class='ocrx_word' id='word_1_92' title='bbox 1357 2032 1382 2077; x_wconf 92' lang='lat' dir='ltr'>r.</span> <span class='ocrx_word' id='word_1_93' title='bbox 1407 2019 1431 2077; x_wconf 87' lang='lat' dir='ltr'>t.</span> 
     </span>
     <span class='ocr_line' id='line_1_14' title="bbox 326 2114 1434 2198; baseline 0.004 -22"><span class='ocrx_word' id='word_1_94' title='bbox 326 2114 385 2197; x_wconf 84' lang='lat' dir='ltr'>sig.</span> <span class='ocrx_word' id='word_1_95' title='bbox 405 2135 439 2178; x_wconf 91' lang='lat' dir='ltr'>n.</span> <span class='ocrx_word' id='word_1_96' title='bbox 459 2134 545 2198; x_wconf 91' lang='lat' dir='ltr'>pres.</span> <span class='ocrx_word' id='word_1_97' title='bbox 566 2120 617 2177; x_wconf 92' lang='lat' dir='ltr'>est</span> <span class='ocrx_word' id='word_1_98' title='bbox 636 2135 836 2198; x_wconf 87' lang='lat' dir='ltr'>appensum.</span> <span class='ocrx_word' id='word_1_99' title='bbox 885 2117 966 2180; x_wconf 89' lang='lat' dir='ltr'>Dat.</span> <span class='ocrx_word' id='word_1_100' title='bbox 986 2116 1219 2181; x_wconf 81' lang='lat' dir='ltr'>sextodecimo</span> <span class='ocrx_word' id='word_1_101' title='bbox 1237 2117 1291 2181; x_wconf 88' lang='lat' dir='ltr'>die</span> <span class='ocrx_word' id='word_1_102' title='bbox 1310 2118 1434 2181; x_wconf 88' lang='lat' dir='ltr'>mensis</span> 
     </span>
     <span class='ocr_line' id='line_1_15' title="bbox 326 2217 1081 2304; baseline 0.004 -23"><span class='ocrx_word' id='word_1_103' title='bbox 326 2217 500 2301; x_wconf 73' lang='lat' dir='ltr'>Februarii</span> <span class='ocrx_word' id='word_1_104' title='bbox 522 2218 623 2283; x_wconf 84' lang='lat' dir='ltr'>Anno</span> <span class='ocrx_word' id='word_1_105' title='bbox 642 2219 723 2283; x_wconf 92' lang='lat' dir='ltr'>D&#39;ni</span> <span class='ocrx_word' id='word_1_106' title='bbox 742 2219 860 2284; x_wconf 88' lang='lat' dir='ltr'>Mill’io</span> <span class='ocrx_word' id='word_1_107' title='bbox 879 2219 1081 2304; x_wconf 83' lang='lat' dir='ltr'>cccclxviij0.</span> 
     </span>
    </p>
   </div>
   <div class='ocr_carea' id='block_1_3' title="bbox 325 2357 1437 2734">
    <p class='ocr_par' dir='ltr' id='par_1_3' title="bbox 325 2357 1437 2734">
     <span class='ocr_line' id='line_1_16' title="bbox 415 2357 1436 2444; baseline 0.005 -24"><span class='ocrx_word' id='word_1_108' title='bbox 415 2357 455 2420; x_wconf 91' lang='lat' dir='ltr'>ln</span> <span class='ocrx_word' id='word_1_109' title='bbox 469 2357 566 2422; x_wconf 90' lang='lat' dir='ltr'>cuius</span> <span class='ocrx_word' id='word_1_110' title='bbox 581 2357 765 2422; x_wconf 78' lang='lat' dir='ltr'>collacione</span> <span class='ocrx_word' id='word_1_111' title='bbox 781 2358 1001 2423; x_wconf 90' lang='lat' dir='ltr'>institucione</span> <span class='ocrx_word' id='word_1_112' title='bbox 1016 2364 1051 2422; x_wconf 82' lang='lat' dir='ltr'>et</span> <span class='ocrx_word' id='word_1_113' title='bbox 1066 2359 1267 2424; x_wconf 91' lang='lat' dir='ltr'>induccione</span> <span class='ocrx_word' id='word_1_114' title='bbox 1282 2360 1436 2444; x_wconf 82' lang='lat' dir='ltr'>prefatus</span> 
     </span>
     <span class='ocr_line' id='line_1_17' title="bbox 325 2462 1437 2549; baseline 0.004 -24"><span class='ocrx_word' id='word_1_115' title='bbox 325 2462 401 2525; x_wconf 89' lang='lat' dir='ltr'>d&#39;ns</span> <span class='ocrx_word' id='word_1_116' title='bbox 427 2462 545 2544; x_wconf 87' lang='lat' dir='ltr'>Joh&#39;es</span> <span class='ocrx_word' id='word_1_117' title='bbox 572 2462 751 2545; x_wconf 88' lang='lat' dir='ltr'>Shyrbum</span> <span class='ocrx_word' id='word_1_118' title='bbox 777 2462 915 2546; x_wconf 88' lang='lat' dir='ltr'>juratus</span> <span class='ocrx_word' id='word_1_119' title='bbox 941 2468 993 2526; x_wconf 91' lang='lat' dir='ltr'>est</span> <span class='ocrx_word' id='word_1_120' title='bbox 1020 2463 1066 2527; x_wconf 97' lang='lat' dir='ltr'>ad</span> <span class='ocrx_word' id='word_1_121' title='bbox 1092 2464 1207 2528; x_wconf 93' lang='lat' dir='ltr'>omnia</span> <span class='ocrx_word' id='word_1_122' title='bbox 1239 2470 1273 2528; x_wconf 82' lang='lat' dir='ltr'>et</span> <span class='ocrx_word' id='word_1_123' title='bbox 1303 2465 1437 2549; x_wconf 85' lang='lat' dir='ltr'>singula</span> 
     </span>
     <span class='ocr_line' id='line_1_18' title="bbox 325 2566 1437 2651; baseline 0.004 -22"><span class='ocrx_word' id='word_1_124' title='bbox 325 2566 560 2630; x_wconf 90' lang='lat' dir='ltr'>ordinaciones</span> <span class='ocrx_word' id='word_1_125' title='bbox 584 2573 619 2630; x_wconf 93' lang='lat' dir='ltr'>et</span> <span class='ocrx_word' id='word_1_126' title='bbox 644 2587 749 2630; x_wconf 92' lang='lat' dir='ltr'>onera</span> <span class='ocrx_word' id='word_1_127' title='bbox 774 2566 808 2631; x_wconf 93' lang='lat' dir='ltr'>in</span> <span class='ocrx_word' id='word_1_128' title='bbox 833 2567 1084 2651; x_wconf 90' lang='lat' dir='ltr'>composicione</span> <span class='ocrx_word' id='word_1_129' title='bbox 1108 2568 1260 2633; x_wconf 91' lang='lat' dir='ltr'>eiusdem</span> <span class='ocrx_word' id='word_1_130' title='bbox 1284 2569 1437 2633; x_wconf 83' lang='lat' dir='ltr'>cantarie</span> 
     </span>
     <span class='ocr_line' id='line_1_19' title="bbox 327 2671 508 2734; baseline 0 0"><span class='ocrx_word' id='word_1_131' title='bbox 327 2671 508 2734; x_wconf 81' lang='lat' dir='ltr'>contentis</span> 
     </span>
    </p>
   </div>
   <div class='ocr_carea' id='block_1_4' title="bbox 326 2839 1434 3113">
    <p class='ocr_par' dir='ltr' id='par_1_4' title="bbox 326 2839 1434 3113">
     <span class='ocr_line' id='line_1_20' title="bbox 326 2839 1434 2922; baseline -0.001 -14"><span class='ocrx_word' id='word_1_132' title='bbox 326 2846 374 2922; x_wconf 89' lang='lat'>76.</span> <span class='ocrx_word' id='word_1_133' title='bbox 431 2839 518 2922; x_wconf 80' lang='lat'>(307)</span> <span class='ocrx_word' id='word_1_134' title='bbox 548 2840 796 2904; x_wconf 73' lang='lat' dir='ltr'>Pnorasrncio</span> <span class='ocrx_word' id='word_1_135' title='bbox 822 2840 866 2904; x_wconf 91' lang='lat' dir='ltr'>M.</span> <span class='ocrx_word' id='word_1_136' title='bbox 894 2840 1041 2922; x_wconf 82' lang='lat' dir='ltr'>Joii&#39;ius</span> <span class='ocrx_word' id='word_1_137' title='bbox 1067 2842 1248 2917; x_wconf 73' lang='lat' dir='ltr'>senonia,</span> <span class='ocrx_word' id='word_1_138' title='bbox 1276 2859 1434 2907; x_wconf 74' lang='lat' dir='ltr'>eneaeu-</span> 
     </span>
     <span class='ocr_line' id='line_1_21' title="bbox 370 2944 1434 3023; baseline 0.004 -17"><span class='ocrx_word' id='word_1_139' title='bbox 370 2960 474 3023; x_wconf 63' lang='grc' dir='ltr'>ΒΑΜ]</span> <span class='ocrx_word' id='word_1_140' title='bbox 513 2961 562 3007; x_wconf 78' lang='lat' dir='ltr'>ou</span> <span class='ocrx_word' id='word_1_141' title='bbox 597 2944 733 3019; x_wconf 73' lang='lat' dir='ltr'>Tirone,</span> <span class='ocrx_word' id='word_1_142' title='bbox 771 2962 886 3008; x_wconf 77' lang='lat' dir='ltr'>sapen</span> <span class='ocrx_word' id='word_1_143' title='bbox 924 2945 1152 3010; x_wconf 74' lang='lat' dir='ltr'>Rasinaiicm</span> <span class='ocrx_word' id='word_1_144' title='bbox 1188 2964 1226 3010; x_wconf 85' lang='lat' dir='ltr'>IN</span> <span class='ocrx_word' id='word_1_145' title='bbox 1263 2964 1434 3012; x_wconf 75' lang='lat' dir='ltr'>aceresia</span> 
     </span>
     <span class='ocr_line' id='line_1_22' title="bbox 370 3048 673 3113; baseline 0.003 -2"><span class='ocrx_word' id='word_1_146' title='bbox 370 3048 500 3112; x_wconf 78' lang='lat' dir='ltr'>Ripoii&#39;</span> <span class='ocrx_word' id='word_1_147' title='bbox 526 3065 673 3113; x_wconf 75' lang='lat' dir='ltr'>rinnon.</span> 
     </span>
    </p>
   </div>
   <div class='ocr_carea' id='block_1_5' title="bbox 413 3188 1431 3275">
    <p class='ocr_par' dir='ltr' id='par_1_5' title="bbox 413 3188 1431 3275">
     <span class='ocr_line' id='line_1_23' title="bbox 413 3188 1431 3275; baseline 0.005 -24"><span class='ocrx_word' id='word_1_148' title='bbox 413 3189 455 3252; x_wconf 95' lang='lat' dir='ltr'>In</span> <span class='ocrx_word' id='word_1_149' title='bbox 470 3188 544 3264; x_wconf 90' lang='lat' dir='ltr'>Dei,</span> <span class='ocrx_word' id='word_1_150' title='bbox 562 3194 616 3253; x_wconf 80' lang='lat' dir='ltr'>etc.</span> <span class='ocrx_word' id='word_1_151' title='bbox 637 3190 694 3271; x_wconf 76' lang='lat' dir='ltr'>(aa</span> <span class='ocrx_word' id='word_1_152' title='bbox 710 3196 800 3253; x_wconf 82' lang='lat' dir='ltr'>exact</span> <span class='ocrx_word' id='word_1_153' title='bbox 819 3189 984 3272; x_wconf 78' lang='lat' dir='ltr'>duplicate</span> <span class='ocrx_word' id='word_1_154' title='bbox 1000 3190 1033 3271; x_wconf 77' lang='lat' dir='ltr'>ol</span> <span class='ocrx_word' id='word_1_155' title='bbox 1048 3190 1112 3255; x_wconf 90' lang='lat' dir='ltr'>No.</span> <span class='ocrx_word' id='word_1_156' title='bbox 1130 3209 1161 3271; x_wconf 90' lang='lat'>3,</span> <span class='ocrx_word' id='word_1_157' title='bbox 1179 3191 1212 3272; x_wconf 77' lang='lat' dir='ltr'>ol</span> <span class='ocrx_word' id='word_1_158' title='bbox 1227 3212 1316 3255; x_wconf 78' lang='lat' dir='ltr'>same</span> <span class='ocrx_word' id='word_1_159' title='bbox 1335 3193 1431 3275; x_wconf 76' lang='lat' dir='ltr'>date).</span> 
     </span>
    </p>
   </div>
   <div class='ocr_carea' id='block_1_6' title="bbox 329 3356 1433 3526">
    <p class='ocr_par' dir='ltr' id='par_1_6' title="bbox 329 3356 1433 3526">
     <span class='ocr_line' id='line_1_24' title="bbox 329 3356 1433 3439; baseline 0.002 -20"><span class='ocrx_word' id='word_1_160' title='bbox 329 3357 414 3439; x_wconf 86' lang='lat'>(308)</span> <span class='ocrx_word' id='word_1_161' title='bbox 453 3356 726 3420; x_wconf 72' lang='lat' dir='ltr'>Tasiiiuoiuniu</span> <span class='ocrx_word' id='word_1_162' title='bbox 762 3356 932 3421; x_wconf 72' lang='lat' dir='ltr'>ciminii</span> <span class='ocrx_word' id='word_1_163' title='bbox 970 3375 1077 3421; x_wconf 85' lang='lat' dir='ltr'>DlCTE</span> <span class='ocrx_word' id='word_1_164' title='bbox 1112 3375 1283 3422; x_wconf 73' lang='lat' dir='ltr'>aceresia</span> <span class='ocrx_word' id='word_1_165' title='bbox 1318 3376 1433 3423; x_wconf 73' lang='lat' dir='ltr'>suren</span> 
     </span>
     <span class='ocr_line' id='line_1_25' title="bbox 369 3460 1020 3526; baseline 0.002 -2"><span class='ocrx_word' id='word_1_166' title='bbox 369 3477 476 3524; x_wconf 76' lang='lat' dir='ltr'>nicia</span> <span class='ocrx_word' id='word_1_167' title='bbox 501 3460 731 3524; x_wconf 73' lang='lat' dir='ltr'>Rasinsncin</span> <span class='ocrx_word' id='word_1_168' title='bbox 755 3477 873 3524; x_wconf 82' lang='lat' dir='ltr'>PLENE</span> <span class='ocrx_word' id='word_1_169' title='bbox 897 3477 1020 3526; x_wconf 73' lang='lat' dir='ltr'>incia,</span> 
     </span>
    </p>
   </div>
   <div class='ocr_carea' id='block_1_7' title="bbox 294 3600 1433 4834">
    <p class='ocr_par' dir='ltr' id='par_1_7' title="bbox 294 3600 1433 4834">
     <span class='ocr_line' id='line_1_26' title="bbox 411 3600 1430 3688; baseline 0.006 -25"><span class='ocrx_word' id='word_1_170' title='bbox 411 3600 586 3664; x_wconf 90' lang='lat' dir='ltr'>Vniuersis</span> <span class='ocrx_word' id='word_1_171' title='bbox 615 3600 648 3665; x_wconf 87' lang='lat' dir='ltr'>S.</span> <span class='ocrx_word' id='word_1_172' title='bbox 680 3601 724 3665; x_wconf 92' lang='lat' dir='ltr'>M.</span> <span class='ocrx_word' id='word_1_173' title='bbox 756 3601 796 3665; x_wconf 90' lang='lat' dir='ltr'>E.</span> <span class='ocrx_word' id='word_1_174' title='bbox 828 3600 907 3684; x_wconf 87' lang='lat' dir='ltr'>filijs</span> <span class='ocrx_word' id='word_1_175' title='bbox 937 3622 1023 3685; x_wconf 90' lang='lat' dir='ltr'>pres.</span> <span class='ocrx_word' id='word_1_176' title='bbox 1056 3602 1188 3666; x_wconf 89' lang='lat' dir='ltr'>litteras</span> <span class='ocrx_word' id='word_1_177' title='bbox 1217 3603 1430 3688; x_wconf 91' lang='lat' dir='ltr'>inspecturis.</span> 
     </span>
     <span class='ocr_line' id='line_1_27' title="bbox 325 3704 1432 3789; baseline 0.004 -21"><span class='ocrx_word' id='word_1_178' title='bbox 325 3704 522 3789; x_wconf 87' lang='lat' dir='ltr'>Capitulum</span> <span class='ocrx_word' id='word_1_179' title='bbox 542 3704 621 3769; x_wconf 90' lang='lat' dir='ltr'>eccl.</span> <span class='ocrx_word' id='word_1_180' title='bbox 645 3704 726 3768; x_wconf 87' lang='lat' dir='ltr'>Coll.</span> <span class='ocrx_word' id='word_1_181' title='bbox 750 3705 843 3769; x_wconf 90' lang='lat' dir='ltr'>beati</span> <span class='ocrx_word' id='word_1_182' title='bbox 866 3706 959 3769; x_wconf 91' lang='lat' dir='ltr'>Petri</span> <span class='ocrx_word' id='word_1_183' title='bbox 980 3706 1065 3769; x_wconf 92' lang='lat' dir='ltr'>alias</span> <span class='ocrx_word' id='word_1_184' title='bbox 1086 3707 1176 3771; x_wconf 92' lang='lat' dir='ltr'>dicte</span> <span class='ocrx_word' id='word_1_185' title='bbox 1198 3707 1264 3771; x_wconf 87' lang='lat' dir='ltr'>S&#39;ci</span> <span class='ocrx_word' id='word_1_186' title='bbox 1285 3708 1432 3774; x_wconf 89' lang='lat' dir='ltr'>Willridi</span> 
     </span>
     <span class='ocr_line' id='line_1_28' title="bbox 325 3807 1433 3893; baseline 0.006 -22"><span class='ocrx_word' id='word_1_187' title='bbox 325 3807 461 3892; x_wconf 87' lang='lat' dir='ltr'>Ripon’,</span> <span class='ocrx_word' id='word_1_188' title='bbox 492 3807 639 3872; x_wconf 91' lang='lat' dir='ltr'>salutem</span> <span class='ocrx_word' id='word_1_189' title='bbox 668 3808 703 3872; x_wconf 95' lang='lat' dir='ltr'>in</span> <span class='ocrx_word' id='word_1_190' title='bbox 733 3809 882 3873; x_wconf 92' lang='lat' dir='ltr'>Domino</span> <span class='ocrx_word' id='word_1_191' title='bbox 911 3810 1158 3893; x_wconf 91' lang='lat' dir='ltr'>sempiternam</span> <span class='ocrx_word' id='word_1_192' title='bbox 1187 3818 1222 3875; x_wconf 85' lang='lat' dir='ltr'>et</span> <span class='ocrx_word' id='word_1_193' title='bbox 1251 3811 1354 3877; x_wconf 91' lang='lat' dir='ltr'>fidem</span> <span class='ocrx_word' id='word_1_194' title='bbox 1383 3813 1433 3878; x_wconf 93' lang='lat' dir='ltr'>in-</span> 
     </span>
     <span class='ocr_line' id='line_1_29' title="bbox 324 3913 1432 3996; baseline 0.005 -19"><span class='ocrx_word' id='word_1_195' title='bbox 324 3913 464 3977; x_wconf 85' lang='lat' dir='ltr'>dubiam</span> <span class='ocrx_word' id='word_1_196' title='bbox 481 3913 697 3996; x_wconf 90' lang='lat' dir='ltr'>presentibus</span> <span class='ocrx_word' id='word_1_197' title='bbox 713 3913 885 3978; x_wconf 91' lang='lat' dir='ltr'>adhibere.</span> <span class='ocrx_word' id='word_1_198' title='bbox 934 3913 1079 3978; x_wconf 90' lang='lat' dir='ltr'>Nouerit</span> <span class='ocrx_word' id='word_1_199' title='bbox 1096 3915 1301 3980; x_wconf 91' lang='lat' dir='ltr'>vniuersitas</span> <span class='ocrx_word' id='word_1_200' title='bbox 1317 3923 1432 3982; x_wconf 89' lang='lat' dir='ltr'>vestra</span> 
     </span>
     <span class='ocr_line' id='line_1_30' title="bbox 323 4004 1432 4104; baseline 0.005 -23"><span class='ocrx_word' id='word_1_201' title='bbox 323 4017 416 4101; x_wconf 94' lang='lat' dir='ltr'>quod</span> <span class='ocrx_word' id='word_1_202' title='bbox 443 4037 523 4081; x_wconf 92' lang='lat' dir='ltr'>cum</span> <span class='ocrx_word' id='word_1_203' title='bbox 550 4017 753 4081; x_wconf 90' lang='lat' dir='ltr'>venerabilis</span> <span class='ocrx_word' id='word_1_204' title='bbox 772 4004 954 4081; x_wconf 85' lang='lat' dir='ltr'>confrater</span> <span class='ocrx_word' id='word_1_205' title='bbox 981 4025 1098 4082; x_wconf 90' lang='lat' dir='ltr'>noster</span> <span class='ocrx_word' id='word_1_206' title='bbox 1126 4020 1287 4104; x_wconf 85' lang='lat' dir='ltr'>Magister</span> <span class='ocrx_word' id='word_1_207' title='bbox 1314 4021 1432 4103; x_wconf 87' lang='lat' dir='ltr'>Joh’es</span> 
     </span>
     <span class='ocr_line' id='line_1_31' title="bbox 323 4120 1432 4207; baseline 0.005 -22"><span class='ocrx_word' id='word_1_208' title='bbox 323 4121 477 4196; x_wconf 89' lang='lat' dir='ltr'>Sendale,</span> <span class='ocrx_word' id='word_1_209' title='bbox 503 4120 694 4185; x_wconf 84' lang='lat' dir='ltr'>Canonicus</span> <span class='ocrx_word' id='word_1_210' title='bbox 719 4121 797 4186; x_wconf 91' lang='lat' dir='ltr'>eccl.</span> <span class='ocrx_word' id='word_1_211' title='bbox 824 4121 906 4187; x_wconf 88' lang='lat' dir='ltr'>Coll.</span> <span class='ocrx_word' id='word_1_212' title='bbox 933 4122 1097 4206; x_wconf 88' lang='lat' dir='ltr'>predicte,</span> <span class='ocrx_word' id='word_1_213' title='bbox 1124 4145 1163 4187; x_wconf 92' lang='lat' dir='ltr'>ac</span> <span class='ocrx_word' id='word_1_214' title='bbox 1187 4125 1432 4207; x_wconf 91' lang='lat' dir='ltr'>prebendarius</span> 
     </span>
     <span class='ocr_line' id='line_1_32' title="bbox 323 4225 1431 4309; baseline 0.005 -21"><span class='ocrx_word' id='word_1_215' title='bbox 323 4225 493 4309; x_wconf 90' lang='lat' dir='ltr'>prebende</span> <span class='ocrx_word' id='word_1_216' title='bbox 517 4225 559 4289; x_wconf 90' lang='lat' dir='ltr'>de</span> <span class='ocrx_word' id='word_1_217' title='bbox 583 4225 699 4308; x_wconf 91' lang='lat' dir='ltr'>Thorp</span> <span class='ocrx_word' id='word_1_218' title='bbox 723 4225 757 4289; x_wconf 93' lang='lat' dir='ltr'>in</span> <span class='ocrx_word' id='word_1_219' title='bbox 781 4226 901 4290; x_wconf 91' lang='lat' dir='ltr'>eadem</span> <span class='ocrx_word' id='word_1_220' title='bbox 926 4226 1149 4291; x_wconf 90' lang='lat' dir='ltr'>residenciam</span> <span class='ocrx_word' id='word_1_221' title='bbox 1172 4248 1270 4292; x_wconf 91' lang='lat' dir='ltr'>suam</span> <span class='ocrx_word' id='word_1_222' title='bbox 1294 4231 1431 4294; x_wconf 91' lang='lat' dir='ltr'>canoni-</span> 
     </span>
     <span class='ocr_line' id='line_1_33' title="bbox 294 4329 1432 4415; baseline 0.005 -22"><span class='ocrx_word' id='word_1_223' title='bbox 294 4411 296 4415; x_wconf 8' lang='lat'><em>*</em></span> <span class='ocrx_word' id='word_1_224' title='bbox 322 4329 429 4394; x_wconf 92' lang='lat' dir='ltr'>calem</span> <span class='ocrx_word' id='word_1_225' title='bbox 446 4330 481 4393; x_wconf 95' lang='lat' dir='ltr'>in</span> <span class='ocrx_word' id='word_1_226' title='bbox 498 4329 618 4393; x_wconf 91' lang='lat' dir='ltr'>eadem</span> <span class='ocrx_word' id='word_1_227' title='bbox 634 4329 713 4394; x_wconf 91' lang='lat' dir='ltr'>eccl.</span> <span class='ocrx_word' id='word_1_228' title='bbox 732 4329 813 4394; x_wconf 84' lang='lat' dir='ltr'>Coll.</span> <span class='ocrx_word' id='word_1_229' title='bbox 832 4330 886 4394; x_wconf 93' lang='lat' dir='ltr'>die</span> <span class='ocrx_word' id='word_1_230' title='bbox 904 4331 1010 4405; x_wconf 89' lang='lat' dir='ltr'>Lune,</span> <span class='ocrx_word' id='word_1_231' title='bbox 1029 4331 1190 4396; x_wconf 83' lang='lat' dir='ltr'>videlicet</span> <span class='ocrx_word' id='word_1_232' title='bbox 1207 4333 1432 4399; x_wconf 91' lang='lat' dir='ltr'>decimonono</span> 
     </span>
     <span class='ocr_line' id='line_1_34' title="bbox 323 4433 1433 4522; baseline 0.004 -25"><span class='ocrx_word' id='word_1_233' title='bbox 323 4434 375 4497; x_wconf 90' lang='lat' dir='ltr'>die</span> <span class='ocrx_word' id='word_1_234' title='bbox 392 4434 518 4498; x_wconf 90' lang='lat' dir='ltr'>mensis</span> <span class='ocrx_word' id='word_1_235' title='bbox 534 4433 739 4497; x_wconf 91' lang='lat' dir='ltr'>Nouembris</span> <span class='ocrx_word' id='word_1_236' title='bbox 755 4434 878 4498; x_wconf 91' lang='lat' dir='ltr'>vltimo</span> <span class='ocrx_word' id='word_1_237' title='bbox 894 4435 1070 4518; x_wconf 91' lang='lat' dir='ltr'>preterit0,</span> <span class='ocrx_word' id='word_1_238' title='bbox 1088 4437 1181 4500; x_wconf 85' lang='lat' dir='ltr'>facta</span> <span class='ocrx_word' id='word_1_239' title='bbox 1198 4437 1356 4520; x_wconf 82' lang='lat' dir='ltr'>primitus</span> <span class='ocrx_word' id='word_1_240' title='bbox 1372 4458 1433 4522; x_wconf 90' lang='lat' dir='ltr'>per</span> 
     </span>
     <span class='ocr_line' id='line_1_35' title="bbox 321 4537 1432 4622; baseline 0.005 -22"><span class='ocrx_word' id='word_1_241' title='bbox 321 4538 433 4622; x_wconf 92' lang='lat' dir='ltr'>ipsum</span> <span class='ocrx_word' id='word_1_242' title='bbox 453 4538 488 4601; x_wconf 95' lang='lat' dir='ltr'>in</span> <span class='ocrx_word' id='word_1_243' title='bbox 507 4537 643 4621; x_wconf 89' lang='lat' dir='ltr'>scriptis</span> <span class='ocrx_word' id='word_1_244' title='bbox 662 4559 702 4601; x_wconf 98' lang='lat' dir='ltr'>ac</span> <span class='ocrx_word' id='word_1_245' title='bbox 720 4539 944 4622; x_wconf 90' lang='lat' dir='ltr'>personaliter</span> <span class='ocrx_word' id='word_1_246' title='bbox 963 4546 998 4603; x_wconf 87' lang='lat' dir='ltr'>et</span> <span class='ocrx_word' id='word_1_247' title='bbox 1018 4539 1052 4603; x_wconf 93' lang='lat' dir='ltr'>in</span> <span class='ocrx_word' id='word_1_248' title='bbox 1072 4540 1190 4604; x_wconf 85' lang='lat' dir='ltr'>debita</span> <span class='ocrx_word' id='word_1_249' title='bbox 1210 4540 1320 4605; x_wconf 84' lang='lat' dir='ltr'>forma</span> <span class='ocrx_word' id='word_1_250' title='bbox 1333 4542 1432 4606; x_wconf 89' lang='lat' dir='ltr'>iuxta</span> 
     </span>
     <span class='ocr_line' id='line_1_36' title="bbox 322 4640 1431 4728; baseline 0.003 -22"><span class='ocrx_word' id='word_1_251' title='bbox 322 4642 605 4706; x_wconf 88' lang='lat' dir='ltr'>consuetudinem</span> <span class='ocrx_word' id='word_1_252' title='bbox 628 4648 663 4705; x_wconf 90' lang='lat' dir='ltr'>et</span> <span class='ocrx_word' id='word_1_253' title='bbox 685 4649 821 4707; x_wconf 92' lang='lat' dir='ltr'>statuta</span> <span class='ocrx_word' id='word_1_254' title='bbox 843 4643 923 4707; x_wconf 86' lang='lat' dir='ltr'>eccl.</span> <span class='ocrx_word' id='word_1_255' title='bbox 948 4644 1100 4727; x_wconf 90' lang='lat' dir='ltr'>predicte</span> <span class='ocrx_word' id='word_1_256' title='bbox 1122 4640 1374 4728; x_wconf 85' lang='lat' dir='ltr'>protestacione</span> <span class='ocrx_word' id='word_1_257' title='bbox 1396 4646 1431 4709; x_wconf 95' lang='lat' dir='ltr'>in</span> 
     </span>
     <span class='ocr_line' id='line_1_37' title="bbox 322 4747 1431 4834; baseline 0.004 -24"><span class='ocrx_word' id='word_1_258' title='bbox 322 4766 361 4812; x_wconf 91' lang='lat' dir='ltr'>ea</span> <span class='ocrx_word' id='word_1_259' title='bbox 386 4753 485 4832; x_wconf 88' lang='lat' dir='ltr'>parte</span> <span class='ocrx_word' id='word_1_260' title='bbox 511 4752 687 4823; x_wconf 91' lang='lat' dir='ltr'>consueta,</span> <span class='ocrx_word' id='word_1_261' title='bbox 714 4747 879 4831; x_wconf 90' lang='lat' dir='ltr'>inceperit</span> <span class='ocrx_word' id='word_1_262' title='bbox 903 4753 937 4812; x_wconf 86' lang='lat' dir='ltr'>et</span> <span class='ocrx_word' id='word_1_263' title='bbox 961 4748 1185 4824; x_wconf 86' lang='lat' dir='ltr'>inchoauerit,</span> <span class='ocrx_word' id='word_1_264' title='bbox 1211 4770 1250 4814; x_wconf 91' lang='lat' dir='ltr'>ac</span> <span class='ocrx_word' id='word_1_265' title='bbox 1276 4770 1337 4834; x_wconf 90' lang='lat' dir='ltr'>per</span> <span class='ocrx_word' id='word_1_266' title='bbox 1362 4755 1431 4814; x_wconf 86' lang='lat' dir='ltr'>tres</span> 
     </span>
    </p>
   </div>
   <div class='ocr_carea' id='block_1_8' title="bbox 1473 2871 1623 3056">
    <p class='ocr_par' dir='ltr' id='par_1_8' title="bbox 1473 2871 1623 3056">
     <span class='ocr_line' id='line_1_38' title="bbox 1476 2871 1584 2935; baseline -0.019 -16"><span class='ocrx_word' id='word_1_267' title='bbox 1476 2925 1480 2934; x_wconf 26' lang='lat'>⁵</span> <span class='ocrx_word' id='word_1_268' title='bbox 1511 2871 1584 2935; x_wconf 56' lang='grc'><strong>1459,</strong></span> 
     </span>
     <span class='ocr_line' id='line_1_39' title="bbox 1473 2930 1623 2989; baseline 0.02 -16"><span class='ocrx_word' id='word_1_269' title='bbox 1473 2930 1623 2989; x_wconf 82' lang='lat' dir='ltr'>incipiente</span> 
     </span>
     <span class='ocr_line' id='line_1_40' title="bbox 1482 2993 1608 3056; baseline 0.024 -16"><span class='ocrx_word' id='word_1_270' title='bbox 1482 2993 1550 3042; x_wconf 90' lang='lat' dir='ltr'>Mar.</span> <span class='ocrx_word' id='word_1_271' title='bbox 1567 3005 1608 3056; x_wconf 84' lang='lat'>25.</span> 
     </span>
    </p>
   </div>
   <div class='ocr_carea' id='block_1_9' title="bbox 0 0 1980 5625">
    <p class='ocr_par' dir='ltr' id='par_1_9' title="bbox 0 0 1980 5625">
     <span class='ocr_line' id='line_1_41' title="bbox 0 0 1980 5625; baseline 0 0"><span class='ocrx_word' id='word_1_272' title='bbox 0 0 1980 5625; x_wconf 95' lang='lat' dir='ltr'> </span> 
     </span>
    </p>
   </div>
  </div>
 </body>
</html>
