3950 5625
451 704 513 769 186
735 708 814 772 THE
839 708 995 772 luorrssu
1019 708 1266 772 Mnnuscnrer.

448 884 518 948 suis
534 885 726 970 ordinariis,
744 887 932 954 remedium
948 886 1171 971 implorantes
1187 885 1279 950 vnde
1295 885 1387 949 idem
1405 885 1557 970 Rogerus

448 988 588 1073 Waryn,
615 991 811 1075 capellanus
836 991 988 1055 cantarie
1014 991 1087 1055 S’ce
1112 989 1291 1054 Trinitatis
1316 1010 1432 1054 coram
1458 989 1558 1054 dictis

449 1094 642 1159 reuerendis
667 1095 839 1159 canonicis
864 1117 904 1159 ac
929 1096 1037 1159 eciam
1062 1095 1183 1159 ceteris
1208 1094 1373 1158 ministris
1398 1093 1559 1158 omnibus

448 1197 483 1260 in
506 1197 599 1263 dicto
621 1200 724 1263 domo
746 1199 935 1283 Capitulari
957 1199 1181 1284 personaliter
1202 1219 1403 1283 comparens
1426 1198 1560 1262 dictum

449 1302 632 1367 annualem
672 1303 844 1368 redditum
884 1303 960 1387 iiij0r
1002 1303 1188 1367 solidorum
1226 1324 1289 1387 pro
1327 1303 1422 1368 dicto
1461 1302 1561 1366 obitu

450 1406 606 1490 Hugonis
639 1407 681 1471 de
715 1408 904 1472 Rotheram
936 1408 1067 1472 soluere
1099 1407 1234 1492 puplice
1267 1408 1456 1483 fatebatur,
1490 1427 1561 1471 non

450 1516 567 1574 tamen
588 1513 652 1575 sub
674 1512 739 1576 hac
760 1512 870 1576 forma
891 1533 961 1597 qua
982 1533 1043 1596 per
1064 1512 1174 1576 dictos
1195 1511 1341 1575 vicarios
1362 1512 1559 1596 petebatur.

449 1613 549 1678 Unde
589 1622 710 1699 postea
750 1617 863 1700 sepius
903 1616 1065 1701 deligenti
1105 1615 1363 1680 examinacione
1404 1615 1562 1699 parcium

449 1718 579 1794 habita,
604 1709 807 1805 summaque
830 1721 1078 1785 deliberacione
1101 1727 1136 1785 et
1159 1720 1324 1796 librorum
1347 1720 1562 1805 inspectione

449 1844 489 1887 ac
518 1824 626 1888 eciam
656 1825 853 1908 sapientum
883 1825 1026 1889 concilio
1056 1824 1240 1900 mediante,
1272 1845 1314 1888 ex
1345 1845 1488 1889 assensu
1527 1831 1562 1888 et

449 1948 615 1993 consensu
647 1930 811 2012 parcium,
845 1929 1010 2014 magistro
1042 1929 1175 1993 Thoma
1215 1929 1342 2012 Bryan,
1382 1929 1561 2004 canonic0,

449 2033 591 2097 absente
627 2039 662 2096 et
698 2033 732 2097 in
769 2034 909 2098 remotis
945 2040 1078 2118 agente,
1115 2034 1271 2117 prefatus
1308 2032 1417 2117 Mag'r
1453 2032 1562 2097 Will's

450 2136 606 2220 Scroope,
628 2138 812 2202 canonicus
833 2143 868 2203 et
889 2137 1017 2202 ibidem
1038 2137 1297 2202 residenciarius
1317 2143 1358 2201 vt
1378 2137 1561 2221 prefertur,

448 2240 523 2305 vice
544 2248 579 2305 et
600 2242 808 2306 auctoritate
830 2242 979 2326 Capituli
1000 2242 1036 2306 in
1057 2242 1160 2306 domo
1182 2241 1372 2325 Capitulari
1393 2241 1560 2326 predict0,

449 2345 517 2409 tale
555 2345 731 2415 decretum
771 2346 952 2410 diffinitiue
999 2345 1105 2422 dedit,
1145 2345 1283 2421 statuit,
1324 2352 1359 2410 et
1396 2346 1561 2422 decreuit,

448 2448 607 2514 videlieet
626 2457 666 2514 vt
685 2451 840 2534 prefatus
861 2451 1015 2535 Rogerus
1034 2451 1175 2533 Waryn,
1205 2450 1286 2534 Cap.
1318 2450 1457 2515 Cantar.
1488 2450 1561 2516 S'ce

447 2553 626 2619 Trinitatis
659 2555 719 2638 qui
752 2576 844 2619 nunc
877 2561 945 2630 est,
974 2561 1009 2619 et
1042 2575 1253 2619 successores
1285 2554 1338 2618 sui
1370 2554 1406 2619 in
1440 2555 1560 2619 eadem

447 2657 610 2723 cantaria
634 2659 865 2733 succedentes
892 2659 1004 2724 soluet
1030 2666 1065 2723 et
1090 2659 1226 2723 soluent
1253 2659 1434 2723 annuatim
1460 2659 1561 2724 dictis

448 2762 585 2847 vicarijs
610 2764 713 2829 modo
738 2764 966 2829 existentibus
992 2770 1027 2828 et
1052 2763 1303 2829 successoribus
1328 2763 1397 2828 suis
1423 2763 1561 2849 vicarijs

451 2888 513 2951 pro
532 2869 630 2934 obitu
649 2869 732 2933 dicti
751 2869 907 2953 Hugonis
927 2869 1117 2933 Rotheram
1136 2868 1171 2931 in
1190 2868 1245 2932 die
1263 2867 1378 2932 obitus
1397 2868 1559 2944 eiusdem,

453 2972 612 3036 videlicet
637 2972 751 3057 xxvij0
776 2973 830 3037 die
856 2973 981 3037 mensis
1008 2972 1116 3056 Junij,
1145 2972 1231 3036 duos
1257 2972 1394 3048 solidos,
1421 2973 1562 3038 cuilibet

453 3076 581 3141 vicario
607 3077 704 3161 iiijd.,
733 3084 767 3141 et
794 3078 914 3142 ceteris
941 3077 1106 3141 ministris
1132 3076 1270 3140 ecclesie
1296 3076 1449 3160 predicte
1476 3078 1561 3142 duos

453 3182 579 3246 solidos
614 3182 679 3245 sub
716 3182 859 3266 antiqua
896 3182 1007 3245 forma
1042 3202 1104 3265 pro
1147 3180 1313 3245 diuisione
1355 3181 1560 3266 subscripta,

453 3286 612 3351 videlicet
649 3286 788 3351 cuilibet
826 3286 970 3350 diacono
1007 3285 1067 3369 ijd.
1106 3292 1141 3349 et
1178 3285 1388 3350 subdiacono
1421 3285 1495 3369 ijd.,
1528 3286 1561 3351 in

454 3391 630 3456 oblacione
653 3390 697 3455 ad
719 3390 869 3466 missam,
893 3389 954 3473 jd,
976 3390 1104 3454 vicario
1124 3390 1264 3454 missam
1282 3389 1481 3467 celebranti,
1501 3390 1560 3475 jd,

454 3495 599 3559 diacono
608 3494 669 3578 jd„
681 3500 716 3558 et
726 3494 936 3559 subdiacono
946 3493 1007 3577 jd,
1020 3493 1091 3577 ijbus
1101 3493 1311 3577 ceroferariis
1322 3493 1383 3578 jd,
1395 3495 1562 3580 mergula·

455 3600 504 3663 rio
529 3606 563 3663 et
588 3599 679 3663 socio
703 3619 765 3662 suo
790 3619 976 3682 campanas
1001 3598 1153 3682 pulsant.
1179 3597 1252 3681 ijd.,
1278 3619 1411 3663 necnon
1436 3599 1563 3664 fabrice

454 3807 642 3872 secundum
656 3806 750 3890 quod
765 3806 858 3871 dicto
873 3807 1059 3871 reuerendo
1073 3806 1238 3891 magistro
1252 3807 1402 3871 Will’mo
1416 3807 1563 3893 Scroope

454 3913 543 3976 inest
566 3911 731 3975 iudicium
756 3917 840 3975 tunc
863 3932 926 3995 pro
949 3910 1100 3995 presenti
1124 3931 1166 3974 ex
1190 3931 1358 3975 consensu
1381 3913 1562 3977 ambarum

453 4016 608 4101 parcium
620 4022 660 4079 vt
672 4016 851 4099 prefertur,
865 4036 907 4079 ne
920 4015 1025 4079 instet
1037 4014 1262 4098 imposterum
1274 4015 1343 4079 vlla
1355 4016 1563 4101 ambiguitas

455 4122 544 4186 inter
556 4127 671 4205 partes
684 4120 952 4203 prenominatus,
967 4119 1044 4183 vult
1057 4119 1151 4183 illam
1165 4120 1346 4203 antiquam
1359 4119 1562 4184 diuisionem

455 4224 697 4291 inuiolabiliter
723 4224 896 4288 obseruari
917 4224 1170 4308 inperpetuum,
1194 4230 1362 4308 tanquam
1387 4223 1562 4290 decretum

456 4351 518 4416 pro
542 4350 577 4394 se
603 4329 744 4393 factum.
792 4328 1046 4392 Determinacio
1071 4327 1177 4411 ipsius
1202 4327 1329 4392 decreti
1355 4327 1421 4392 fuit
1446 4328 1482 4393 in
1507 4328 1561 4392 die

456 4432 697 4518 Concepcionis
732 4434 783 4497 be.
822 4432 927 4496 Mario
961 4432 1119 4516 Virginis,
1156 4432 1257 4495 Anno
1293 4432 1373 4495 D’ni
1409 4431 1562 4496 Mill'imo

455 4520 570 4605 ccccmov
591 4538 642 4601 xl0
662 4537 746 4620 iiij‘0.
795 4536 873 4620 Hijs
894 4536 1109 4619 presentibus
1131 4542 1165 4599 et
1187 4535 1333 4599 testibus
1355 4542 1389 4599 et
1411 4536 1446 4599 in
1468 4536 1563 4600 testi-

456 4643 610 4709 monium
650 4640 841 4725 specialiter
881 4640 1063 4725 requisitis,
1106 4639 1235 4724 Mag’ro
1277 4639 1374 4703 Ric'o
1415 4639 1561 4714 Morton,

457 4746 628 4814 Canonieo
651 4746 796 4829 prefato
822 4743 910 4808 d’nis
935 4744 1084 4807 Henrico
1109 4743 1210 4819 Coke,
1237 4742 1366 4807 Rob'to
1391 4743 1561 4827 Morpath,

457 4852 558 4939 Joh’e
577 4850 780 4935 Frankysse,
801 4847 902 4932 Joh’e
923 4848 1058 4933 Rycby‚
1079 4868 1158 4913 cum
1178 4846 1263 4931 alijs
