3950 5625
427 689 488 752 124
716 672 794 736 Tne
820 673 975 736 lucum
1000 670 1246 739 Manuscmrr.

424 849 466 913 dc
497 849 603 913 Ledes
632 871 741 934 nuper
769 851 813 914 ab
842 851 1010 915 intestato
1038 850 1234 915 decedentis
1262 850 1351 916 inira
1379 856 1539 915 nostram

423 953 697 1037 jurisdiccionem
733 955 941 1039 Vbicumque
980 955 1214 1030 existencium,
1253 963 1287 1019 te
1322 955 1536 1030 ordinamus,

423 1058 629 1142 proficimus,
664 1066 698 1123 et
727 1059 945 1144 deputamus,
975 1060 1110 1144 prelato
1141 1080 1201 1142 per
1229 1065 1263 1123 te
1291 1079 1406 1124 coram
1435 1059 1538 1124 nobis

424 1162 616 1228 iuramento
645 1164 812 1247 corporali
842 1164 886 1228 ad
915 1170 1037 1228 sancta
1066 1164 1129 1227 Dei
1159 1163 1346 1248 euangelia,
1377 1163 1538 1246 predicta

423 1268 514 1332 bona
534 1267 729 1332 huiusmodi
749 1269 928 1353 diligenter
948 1275 982 1332 et
1003 1269 1148 1333 fideliter
1167 1268 1371 1352 perquirere,
1392 1268 1536 1332 investi-

422 1392 511 1454 gare,
539 1372 731 1446 defendere,
758 1373 940 1447 custodire,
967 1374 1110 1448 saluare,
1137 1379 1171 1436 et
1197 1372 1313 1436 omnia
1338 1379 1372 1435 et
1398 1373 1536 1456 singula

424 1476 504 1560 ipsis
518 1477 713 1542 huiusmodi
726 1479 825 1542 bonis
837 1478 936 1541 vtilia
949 1478 1059 1541 facere
1072 1483 1107 1541 et
1120 1477 1255 1541 invtilia
1268 1476 1533 1561 pretermittere,

423 1587 457 1645 et
478 1581 709 1646 inuentarium
729 1582 827 1646 fidele
847 1582 888 1646 de
908 1582 990 1666 ipsis
1009 1582 1107 1646 bonis
1127 1583 1236 1645 facere
1256 1588 1290 1644 et
1310 1580 1430 1644 debita
1449 1579 1535 1645 dicti

423 1686 576 1751 defuncti
603 1693 775 1771 quatenus
802 1688 893 1751 bona
918 1707 953 1750 se
980 1685 1173 1750 extendunt
1199 1686 1340 1749 soluere.
1389 1685 1533 1749 Necnon

422 1791 733 1856 administracionis
769 1798 803 1855 et
838 1811 916 1855 cure
952 1791 1104 1875 ipsomm
1139 1791 1307 1854 bonorum
1342 1789 1534 1853 secundum

423 1894 504 1960 iuris
540 1895 694 1960 ordinem
731 1896 870 1960 reddere
906 1895 1088 1968 racionem,
1126 1901 1307 1978 ceteraque
1343 1895 1461 1960 omnia
1497 1903 1533 1960 et

421 2000 555 2084 singula
580 2000 723 2065 laciend.
751 2007 784 2064 et
810 2000 1011 2084 expediend.
1037 2020 1104 2084 que
1129 1999 1163 2063 in
1188 1999 1359 2083 premissis
1383 2006 1418 2063 et
1442 2000 1534 2066 circa

422 2126 461 2169 ea
484 2105 673 2169 neccssaria
696 2105 822 2169 luerint
845 2105 900 2168 vel
923 2111 1095 2189 oportuna
1118 2105 1180 2168 tibi
1204 2104 1417 2169 comittimus
1439 2105 1533 2170 vices

422 2215 565 2275 nostras.
615 2209 695 2274 Dat.
717 2210 750 2274 in
770 2210 873 2274 domo
892 2216 1011 2274 nostra
1030 2208 1229 2293 Capitulari,
1250 2214 1304 2272 etc.

572 2403 659 2487 (196)
687 2404 906 2468 Inoenrurm
930 2420 1090 2467 1111111
1115 2420 1163 2466 oe
1187 2402 1380 2467 Crurnen'.

510 2532 581 2597 'l'lre
597 2553 690 2598 same
708 2554 746 2597 as
763 2533 827 2597 No.
847 2533 899 2613 38,
918 2534 982 2598 but
1000 2534 1058 2596 the
1075 2533 1179 2596 latter
1196 2538 1274 2615 part
1292 2532 1319 2595 is
1335 2532 1485 2617 missing.

421 2741 469 2810 55.
548 2726 634 2806 (107)
707 2723 817 2787 Corra
883 2739 1091 2787 omcmmls
1155 2739 1269 2787 rsrrus
1332 2739 1531 2788 processus

466 2844 635 2892 mauron
673 2847 709 2893 m
748 2846 854 2893 rinno
890 2845 995 2893 nean
1033 2828 1211 2893 Wrrrmm
1245 2846 1355 2891 mrim
1387 2845 1531 2894 nonum

465 2931 805 3007 Gmrnnannonun,
824 2950 958 2997 vermo
977 2950 1091 3008 roim,
1109 2950 1158 2996 nr>
1175 2949 1265 2996 rare
1283 2950 1421 2997 srcnun
1438 2936 1517 3014 olio

511 3076 769 3141 Memorandum
804 3076 898 3160 quod
934 3076 988 3139 die
1024 3076 1120 3139 Lune
1155 3095 1251 3158 prox.
1289 3080 1368 3157 post
1403 3074 1530 3139 festum

423 3180 656 3266 l)eposicionis
679 3181 771 3246 beati
794 3180 940 3245 Wilfridi
964 3180 1101 3263 Ripon’,
1125 3180 1225 3244 Anno
1248 3179 1328 3242 D’ni
1352 3179 1530 3244 Millesimo

420 3300 519 3350 ccc¹¹¹⁰
543 3286 827 3371 ‹prinquagesimo
851 3291 987 3359 octauo,
1012 3284 1113 3348 d‘nus
1138 3284 1291 3368 Rogerus
1317 3282 1359 3346 de
1384 3283 1528 3366 Hewyk,

420 3390 526 3462 miles,
550 3389 778 3475 parochianus
802 3389 919 3474 Mag'ri
942 3388 1072 3453 Thome
1095 3388 1136 3452 de
1160 3388 1343 3471 Freskney,
1368 3387 1528 3452 Canonici

419 3494 556 3560 ecclesie
592 3494 775 3578 Collegiate
812 3494 925 3578 llipon
961 3499 995 3556 et
1031 3492 1245 3577 prebendarii
1280 3492 1452 3576 prebende
1487 3492 1528 3556 de

419 3598 618 3684 (iyuendale
654 3599 687 3663 in
722 3599 852 3673 eadem,
887 3599 946 3683 qui
978 3598 1125 3661 eundern
1161 3597 1328 3681 Mag’rum
1359 3596 1528 3661 Thomam

419 3710 453 3769 et
485 3703 659 3768 ministros
690 3724 769 3767 suos
801 3703 950 3767 decimas
981 3702 1087 3766 reales
1118 3709 1152 3765 et
1184 3701 1351 3785 prediales
1382 3701 1461 3765 ville
1493 3707 1527 3766 et

420 3808 579 3874 territorii
621 3808 662 3872 de
705 3808 838 3891 Hewyk
879 3807 921 3871 de
962 3828 1053 3872 anno
1093 3807 1247 3889 predicto
1288 3806 1528 3890 prouenientes

418 3911 572 3995 colligere
604 3912 775 3998 percipere
806 3919 840 3975 et
871 3912 1040 3976 abducere
1072 3912 1266 3975 temeritate
1298 3911 1435 3994 propria
1466 3910 1527 3975 im·

420 4015 561 4101 perlinit,
584 4023 618 4082 et
641 4017 731 4101 ipsas
752 4018 901 4081 decimas
922 4024 1044 4080 contra
1064 4016 1282 4080 voluntatem
1303 4016 1386 4079 dicti
1408 4015 1527 4099 Mag'ri

419 4119 548 4184 'l'lrome
562 4121 744 4205 occupauit
758 4127 792 4184 et
806 4120 956 4184 detinuit
969 4125 1166 4203 occupatas,
1181 4120 1215 4183 in
1229 4120 1332 4183 domo
1345 4119 1527 4203 capitulari

420 4223 543 4307 llipon'
571 4244 686 4289 coram
715 4224 843 4309 Mag'ro
870 4224 969 4307 Job’e
997 4223 1038 4286 de
1065 4223 1253 4298 Crakehall,
1282 4223 1527 4307 penitenciario

418 4327 488 4392 d'ni
508 4327 762 4411 Archiepiscopi
784 4329 885 4393 Ebor.
900 4334 934 4393 et
947 4328 982 4392 in
995 4328 1060 4391 hac
1072 4333 1170 4410 parte
1184 4327 1423 4392 Commissario
1436 4327 1525 4390 inter

417 4438 531 4497 cetera
549 4432 718 4516 deputato
737 4433 960 4515 personaliter
978 4432 1171 4514 comparuit
1190 4439 1224 4495 et
1244 4432 1407 4496 delictum
1425 4451 1526 4495 suum

418 4535 453 4600 in
478 4537 542 4601 hac
567 4543 664 4620 parte
688 4537 910 4601 commissum
934 4542 1057 4621 sponte
1083 4555 1279 4619 agnoscens,
1306 4537 1347 4601 de
1372 4534 1526 4619 predicto

420 4639 549 4727 Mag’ro
579 4640 711 4705 Thoma
742 4647 824 4705 tunc
855 4647 1011 4725 presente
1041 4639 1179 4703 veniam
1209 4640 1315 4723 pecijt
1345 4640 1408 4704 sibi
1439 4638 1524 4713 dari,

419 4750 581 4832 paratum
611 4765 646 4810 se
676 4742 820 4809 offerens
850 4746 895 4810 ad
925 4744 1206 4811 satisfaciendum
1237 4745 1278 4808 de
1309 4750 1451 4829 peccato
1480 4744 1525 4807 ab
