3950 5625
481 702 544 787 146
764 704 842 769 Tur
868 703 1023 768 Iuenna
1047 703 1293 769 Manuscrupr.

478 884 754 948 contradiccione
787 883 935 948 salueret
970 888 1005 946 et
1039 888 1259 966 supportaret
1293 884 1357 947 sub
1391 902 1481 966 pena
1515 902 1585 966 pre-

479 989 658 1052 nominata
678 1041 684 1052 .
707 1041 713 1052 .
735 1040 742 1053 .
763 986 927 1071 Magistro
944 985 1056 1051 Alano
1075 985 1237 1050 Newerke
1255 993 1339 1051 tunc
1356 986 1587 1050 commissario

482 1091 645 1175 Magistro
676 1091 790 1154 Will’o
822 1090 947 1155 Cawod
979 1097 1015 1154 et
1048 1091 1212 1175 Magistro
1244 1090 1356 1154 Adam
1389 1091 1586 1165 Fenrother‚

481 1195 735 1270 residenciariis,
773 1201 807 1258 et
844 1195 925 1258 d’uo
961 1194 1122 1277 Johanne
1158 1195 1263 1270 Deen,
1302 1194 1448 1258 Rectore
1484 1195 1586 1270 chori,

482 1298 707 1382 presentibus

296 1467 362 1516 also
376 1468 439 1517 that
570 1461 658 1525 Item
679 1461 877 1527 ordinatum
902 1468 974 1527 erat
998 1462 1173 1527 communi
1197 1482 1335 1527 assensu
1360 1468 1395 1526 et
1422 1483 1588 1527 consensu

289 1534 440 1661 ,gssfffi
480 1564 650 1629 dictorum
696 1564 912 1637 vicariorum.
959 1586 1022 1649 pro
1067 1585 1102 1628 se
1147 1572 1182 1629 et
1226 1566 1476 1631 successoribus
1521 1567 1588 1631 suis

283 1667 438 1782 t-rhplltfflg
480 1667 626 1741 vicariis,
652 1668 746 1752 quod
770 1670 915 1753 quilibet
941 1670 1090 1735 vicarius
1115 1670 1206 1733 dicte
1231 1670 1368 1733 ecclesie
1393 1670 1586 1755 Collegiate‚

293 1748 406 1849 {fifuagd
424 1771 445 1849 a'
479 1771 513 1834 in
534 1771 644 1853 primo
664 1772 815 1856 ingressu
835 1794 908 1848 su0‚
929 1774 1002 1837 sine
1022 1774 1138 1857 aliqua
1157 1774 1432 1838 contradiccione
1452 1775 1587 1838 realiter

273 1866 454 1981 ⁸⁵¹⁸}{Jpss0n
478 1874 625 1940 solueret
669 1875 733 1959 vjs.
780 1877 876 1960 viijd.
922 1878 1164 1962 sterlingorum
1208 1883 1242 1940 et
1286 1898 1395 1942 vnum
1439 1879 1587 1943 cocleare

300 1946 319 1997 p
478 1985 677 2063 argenteum
704 2000 792 2063 prec.
821 1981 873 2064 ijs.
901 2002 964 2065 pro
989 2002 1052 2046 suo
1077 1988 1245 2065 perpetuo
1264 1975 1467 2047 'memoriale
1494 1989 1529 2046 et
1554 1983 1586 2046 in

476 2086 794 2169 recompensacioue
804 2092 996 2149 ceterorum
1008 2085 1207 2176 vteusilium
1217 2085 1345 2149 ibidem
1356 2085 1584 2151 inuenturum.

474 2283 523 2348 σο.
589 2276 676 2360 (216)
736 2275 994 2339 Percussum
1033 2292 1270 2338 iuraraarun
1307 2293 1375 2338 Pru
1418 2293 1584 2341 oaoruru

518 2380 818 2445 Crsruacmusuu.
1004 2364 1008 2374 '

309 2516 406 2615 'uoq
564 2522 768 2587 Boneiacius
791 2522 867 2605 (ixl-³
884 2521 1036 2604 inserted)
1057 2521 1257 2605 Episcopus,
1276 2543 1394 2587 seruus
1411 2543 1586 2588 seruorum

307 2591 416 2745 A&
477 2626 551 2701 Dei,
585 2626 718 2690 dilectis
749 2625 827 2689 tiliis
859 2625 1026 2689 vniuersis
1057 2624 1254 2691 Abbatibus
1286 2632 1320 2689 et
1352 2626 1587 2692 Conuentibus

477 2730 559 2794 cist.
587 2731 715 2794 ordinis
741 2750 801 2815 per
827 2749 970 2815 reguum
996 2728 1117 2815 Anglie
1142 2731 1351 2806 constitutis,
1379 2731 1527 2796 salutem
1554 2738 1586 2795 et

477 2834 702 2919 apostolicam
754 2834 1042 2899 benediccionem.
1099 2835 1164 2898 Pro
1211 2836 1403 2899 reuerencia
1449 2837 1587 2922 virginis

477 2939 620 3024 gloriose
645 2939 826 3023 genetricis
852 2939 916 3003 Dei
943 2939 1059 3014 Marie,
1087 2940 1141 3003 cui
1167 2940 1339 3022 preclarus
1365 2942 1450 3005 ordo
1477 2949 1588 3006 vester

478 3042 669 3126 specialiter
709 3043 890 3107 dedicatus
929 3062 1002 3105 esse
1042 3043 1248 3118 denoscitur,
1290 3065 1330 3107 ac
1370 3064 1432 3127 pro
1472 3046 1587 3110 multis

478 3146 708 3211 laudabilibus
730 3148 853 3211 vestris
874 3147 1005 3211 meritis
1026 3147 1152 3231 quibus
1173 3147 1344 3212 virtutum
1366 3149 1445 3213 dnic
1465 3147 1535 3230 (sic)
1555 3156 1587 3214 et

479 3251 665 3335 apostolice
691 3251 762 3314 sedi
790 3251 1026 3335 multipliciter
1052 3252 1284 3336 complacetis,
1314 3253 1459 3317 humiles
1487 3255 1587 3319 deuo-

479 3355 586 3419 cionis
625 3362 737 3419 vestre
777 3375 891 3439 preces
935 3376 1017 3419 aure
1063 3357 1210 3441 benigna
1248 3359 1417 3442 suscipere
1457 3366 1492 3423 et
1532 3360 1587 3443 pio

479 3459 683 3523 dilectamur
712 3459 838 3523 affectu
867 3458 1050 3523 efficaciter
1078 3459 1276 3544 adimplere,
1307 3463 1386 3526 hinc
1414 3469 1466 3526 est
1495 3463 1587 3549 quod

284 3596 452 3662 Exeniption
478 3582 551 3637 nos
593 3562 716 3626 vestris
755 3563 1068 3647 supplicacionibus
1108 3564 1273 3640 inclinati,
1315 3571 1354 3629 vt
1395 3566 1437 3630 de
1478 3568 1585 3641 terris,

290 3664 361 3713 110111
375 3679 440 3728 ιω·
480 3666 597 3750 pratis,
626 3667 841 3742 tenementis,
868 3668 1148 3751 possessionibus,
1176 3668 1281 3744 siluis,
1309 3669 1526 3747 animalibus,
1554 3677 1587 3734 et

308 3738 415 3847 ⁰212?ssss
417 3731 426 3779 f
480 3771 581 3834 rebus
612 3769 685 3833 aliis
723 3771 985 3854 quibuscunque
1022 3772 1064 3835 de
1102 3773 1228 3856 quibus
1258 3773 1342 3837 dum
1369 3774 1403 3837 in
1428 3776 1588 3839 manibus

481 3874 603 3938 vestris
638 3874 763 3939 tuerint
799 3896 819 3939 a
854 3876 1067 3959 prestacione
1102 3876 1322 3951 decimamm,
1359 3897 1419 3960 per
1453 3878 1587 3942 indulta

481 3977 581 4042 sedis¹
620 3980 806 4061 apostolice
841 3979 1047 4065 priuilegiati
1083 3981 1165 4044 estis
1200 3981 1254 4044 vel
1287 3980 1448 4064 exempti,
1485 3981 1514 4044 si
1549 4001 1586 4044 ea

480 4083 693 4146 concessistis
720 4083 774 4146 vel
800 4083 994 4148 concedetis
1020 4085 1054 4148 in
1081 4092 1256 4168 postemm
1283 4084 1356 4149 aliis
1383 4085 1427 4148 ad
1453 4085 1586 4149 firmam

480 4207 631 4251 annuam
669 4187 932 4270 procurandam,
972 4189 1055 4252 dum
1094 4196 1209 4253 tamen
1248 4190 1282 4252 in
1320 4188 1386 4272 hijs
1424 4189 1586 4253 alienaeio

479 4297 646 4374 perpetua
663 4311 732 4355 non
751 4292 889 4367 existat,
909 4291 1023 4356 nullus
1041 4313 1061 4356 a
1079 4293 1177 4356 vobis
1195 4293 1249 4356 vel
1268 4294 1313 4357 ab
1331 4293 1412 4376 ipsis
1430 4293 1586 4357 firmariis

479 4395 601 4459 vestris
638 4395 787 4459 decimas
823 4396 878 4459 vel
914 4396 1086 4479 primicias
1123 4397 1255 4481 exigere
1291 4397 1346 4459 vel
1382 4403 1586 4480 extorquere

477 4504 664 4583 presumat,
688 4519 750 4563 nec
772 4499 817 4562 ad
839 4499 940 4563 huius
962 4499 1170 4564 solucionem
1192 4501 1449 4584 prescripcionis
1472 4500 1583 4573 titulo,

478 4609 539 4669 aut
556 4602 678 4686 quouis
695 4602 762 4666 alio
778 4602 850 4668 iure
865 4623 924 4667 seu
941 4604 1052 4668 colore
1069 4604 1237 4689 acquisito
1254 4611 1335 4669 ante
1352 4606 1414 4668 hec
1431 4611 1584 4677 tempora

549 4799 556 4821 ¹
575 4794 631 4844 MS.
648 4793 697 4841 has
714 4798 728 4815 ‘⁴
740 4793 842 4845 cerlis.¹'
