3950 5625
791 723 884 790 hers
907 741 952 788 or
976 724 1155 790 enarrer.
1469 742 1529 806 1²5

418 905 786 970 excommunicacionis
807 905 982 969 sentencia
1005 925 1110 988 quam
1133 905 1268 969 racione
1290 904 1529 989 occupacionis

418 1011 629 1075 detencionis
664 1016 699 1074 et
734 1010 1057 1093 impedimentorum
1093 1009 1324 1092 predictorum
1360 1010 1529 1093 dampna-

418 1115 533 1179 biliter
567 1115 772 1188 incurrebat,
810 1114 983 1178 humiliter
1018 1113 1122 1197 pecijt
1158 1134 1192 1177 se
1227 1113 1369 1178 absolui.
1418 1114 1528 1187 Vnde,

419 1219 563 1303 prestita
605 1219 786 1285 sufficienti
827 1219 988 1283 caucione
1030 1218 1072 1282 de
1113 1218 1350 1282 satisfaccione
1393 1219 1529 1282 realiter

420 1324 616 1408 prestanda,
628 1324 742 1389 dictus
753 1323 1017 1407 penitenciarius
1027 1329 1060 1386 et
1072 1323 1324 1386 commissarius
1335 1323 1527 1407 predictum

422 1428 593 1513 Rogerum
616 1450 636 1492 a
659 1428 752 1492 dicta
774 1427 1141 1491 excommunicacionis
1163 1428 1336 1491 sentencia
1360 1428 1393 1491 in
1417 1427 1527 1492 forma

420 1532 502 1596 iuris
537 1532 695 1596 absoluit.
745 1532 790 1595 Et
826 1531 975 1595 iniunxit
1011 1531 1121 1595 eidem
1158 1531 1292 1615 Rogero
1327 1533 1361 1596 in
1398 1532 1528 1596 virtute

420 1636 603 1700 iuramenti
622 1637 657 1700 in
676 1636 741 1700 hac
759 1643 858 1719 parte
877 1635 1022 1718 prestiti,
1042 1634 1136 1719 quod
1155 1635 1197 1698 de
1216 1641 1329 1699 cetero
1348 1638 1393 1699 ab
1413 1637 1527 1700 huius·

421 1740 514 1804 modi
551 1741 744 1805 excessibus
781 1761 815 1804 se
853 1739 1036 1813 abstineat,
1075 1745 1109 1803 et
1147 1760 1204 1803 eos
1241 1741 1274 1804 in
1314 1741 1418 1805 lutur’
1458 1762 1526 1805 non

422 1845 629 1920 committat,
663 1844 824 1929 quodque
857 1865 918 1927 pro
950 1844 1131 1907 commisso
1164 1844 1249 1908 duos
1281 1865 1394 1908 cereos
1427 1847 1528 1910 vnius

421 1949 497 2013 libri
510 1949 554 2013 ad
566 1970 729 2034 magnum
743 1950 850 2013 altare
863 1948 1000 2012 ecclesie
1012 1948 1163 2031 predicte
1176 1949 1297 2013 offerat
1311 1957 1345 2012 et
1359 1950 1525 2015 dimittat.

658 2102 744 2185 (198)
775 2102 1026 2183 (Presentation
1050 2108 1087 2165 to
1111 2101 1290 2185 Chantry).

422 2343 588 2402 terrarum
613 2337 683 2401 d’ni
708 2337 847 2400 Will’mi
872 2336 1063 2420 Ynggelby,
1089 2336 1217 2410 militis,
1242 2344 1528 2419 presentauerunt
1589 2303 1658 2365 Ψ
1693 2356 1697 2365 ’

422 2441 516 2505 d'nm
547 2442 741 2524 Johannem
772 2441 915 2525 Amclyl
945 2440 990 2504 ad
1020 2440 1218 2504 Cantariam
1249 2441 1283 2503 in
1313 2441 1443 2523 capella
1475 2443 1527 2505 be.

422 2547 525 2610 Marie
546 2546 681 2630 Rypon'
702 2545 855 2629 capitulo
874 2545 1023 2609 Ecclesie
1042 2544 1225 2628 Collegiate
1245 2544 1381 2628 Ripon'.

924 2701 1024 2783 (199)-

509 2833 599 2897 Item
620 2832 654 2896 in
675 2832 763 2895 festo
784 2831 849 2895 S’ci
871 2830 1040 2894 Theodori
1062 2830 1221 2904 Martiris,
1243 2829 1393 2894 Thomas
1413 2831 1527 2907 Orme,

422 2935 575 3001 Vicarius
593 2936 729 2999 ecclesie
747 2935 789 2999 de
807 2936 833 2998 F
835 2936 1004 3009 amham,¹
1019 2955 1108 2998 vnus
1121 2934 1339 2999 leoffatorum
1358 2936 1440 3000 dicti
1458 2937 1529 3001 d'ni

423 3040 560 3105 Will'mi
584 3040 740 3104 exhibuit
765 3039 975 3123 presenciam
999 3058 1108 3112 suam,
1134 3038 1354 3102 certificando
1377 3041 1529 3124 capitulo

422 3143 463 3208 de
491 3145 555 3209 sibi
585 3151 669 3208 nota
698 3144 881 3207 vacacione
910 3143 1063 3207 cantarie
1093 3142 1254 3225 predicte,
1285 3144 1443 3207 videlicet
1474 3145 1529 3208 die

424 3247 516 3312 Lune
535 3248 692 3333 proximo
711 3255 791 3311 ante
811 3247 937 3310 testum
957 3246 1023 3310 S'ci
1043 3247 1242 3312 Michaelis.2

572 3404 659 3485 (200)
679 3402 735 3465 Aa
752 3408 843 3483 entrp
860 3401 893 3481 ol
911 3418 950 3479 13
967 3400 1063 3473 lines,
1081 3400 1239 3481 carelullp
1256 3401 1376 3466 erased.

564 3558 664 3639 (201).
693 3556 797 3639 (Oath
822 3556 857 3618 ol
875 3555 1059 3618 obedience
1078 3561 1114 3618 to
1133 3555 1191 3618 the
1210 3554 1383 3639 Chapter).

508 3686 559 3749 Ye
581 3685 699 3748 shalbe
721 3691 805 3748 trew
827 3683 895 3747 and
918 3690 1002 3747 trew
1023 3683 1150 3765 mynde
1172 3684 1256 3765 beyr
1279 3690 1315 3749 to
1337 3686 1406 3749 this
1429 3686 1527 3769 Kyrk
1618 3722 1647 3769 ..³
1671 3715 1687 3756 ,ι

421 3790 487 3854 and
507 3790 651 3873 Capitur
672 3788 856 3852 obhedient
879 3794 914 3850 to
936 3788 995 3850 the
1017 3787 1248 3851 Residenciari
1268 3788 1347 3852 And
1368 3789 1528 3856 Chauons

420 3894 495 3958 ther
513 3899 663 3975 secretys
684 3892 803 3975 trewly
823 3892 914 3974 keyp
934 3891 1083 3974 deligent
1103 3890 1137 3953 in
1158 3890 1329 3976 luliylyng
1349 3893 1385 3956 ol
1404 3894 1449 3957 all
1470 3896 1528 3959 the

420 3998 556 4083 cherges
575 3997 769 4080 belongyng
788 4002 824 4058 to
843 4008 901 4077 yor
919 3994 1025 4057 office.

419 4169 458 4238 55
478 4180 508 4223 v.
561 4152 649 4235 (202)
681 4150 806 4233 (Royal
834 4150 935 4212 letter
957 4147 1173 4231 authorizing
1195 4168 1238 4210 an
1261 4151 1460 4235 exchange).

506 4280 685 4353 Ricardus,
713 4278 776 4341 Dei
800 4276 914 4361 gracia
940 4275 1016 4338 Rex
1040 4273 1161 4357 Anglie
1185 4280 1219 4337 et
1246 4276 1365 4340 Franc'
1392 4285 1426 4341 et
1452 4279 1529 4344 d’ns
1657 4313 1671 4327 κ

420 4384 593 4459 Hibemie,
610 4382 742 4447 dilectis
756 4380 820 4444 sibi
835 4380 869 4442 in
885 4399 953 4460 xpo
968 4376 1128 4459 Capitulo
1142 4376 1316 4460 Collegiat'
1333 4379 1375 4443 de
1391 4380 1527 4465 Rypon,

419 4489 576 4553 salutem.
639 4485 725 4549 Cum
764 4482 877 4546 dilecti
917 4481 1016 4543 nobis
1062 4478 1234 4542 Robertus
1279 4481 1320 4544 de
1365 4483 1527 4563 Manteld,

423 4601 449 4607 -’
490 4597 813 4713 ‘Probably—Farnham
827 4658 893 4692 near
909 4641 1151 4702 Knaresborough.

489 4746 499 4768 ²
517 4742 574 4789 The
588 4738 699 4798 writing
712 4736 741 4784 ol
761 4734 837 4782 these
852 4736 908 4779 two
920 4729 1022 4777 entries
1036 4729 1090 4776 and
1105 4729 1133 4776 ot
1147 4729 1198 4777 No.
1221 4742 1272 4777 zoo
1290 4747 1378 4783 seems
1398 4739 1428 4783 to
1448 4738 1482 4788 be
1501 4743 1530 4792 of

420 4821 466 4869 the
479 4835 555 4871 same
565 4821 632 4870 date
646 4831 676 4865 as
689 4816 754 4863 that
766 4811 795 4859 ol
810 4810 860 4857 No.
880 4822 935 4870 ¹97·
