3950 5625
730 716 823 781 Acrs
846 733 892 781 or
914 715 1094 782 Crimen.
1403 734 1467 800 237

359 888 398 952 81
415 909 448 954 v.
520 893 607 976 (334)
650 894 926 973 Acpommncrn
967 912 1036 960 eno
1078 912 1256 977 oennsz
1299 912 1470 961 naerens

405 1012 475 1061 eno
500 996 595 1062 cnm
619 997 802 1074 Pnacms‘n.

447 1138 577 1203 Tenore
608 1141 819 1224 presencium
852 1141 965 1206 cuntis
997 1149 1163 1226 appareat
1196 1142 1377 1207 manifeste
1409 1162 1470 1208 nos

360 1240 559 1326 Capitulum
573 1245 652 1310 eccl.
669 1245 751 1310 Coll.
768 1247 801 1310 b.
819 1245 927 1311 Wilfr.
946 1246 1071 1330 Ripon’
1088 1247 1246 1330 recipisse
1260 1254 1294 1311 et
1311 1247 1469 1312 habuisse

360 1346 414 1410 die
430 1348 655 1413 conteccionis
671 1350 884 1434 presencium
901 1351 943 1415 de
960 1351 1145 1415 venerabili
1164 1352 1336 1416 confratre
1353 1359 1470 1417 nostro

360 1450 490 1536 Mag'ro
508 1453 657 1518 Fulcone
676 1453 952 1541 Bermyngeham
970 1455 1143 1520 Canonico
1162 1455 1313 1520 eiusdem
1333 1456 1470 1521 ecclesie

359 1575 399 1619 ac
422 1556 647 1639 prebendario
670 1559 841 1642 prebende
865 1559 907 1622 de
936 1558 1101 1642 Stodelay
1128 1560 1163 1624 in
1192 1560 1322 1634 eadem,
1352 1560 1469 1626 decem

359 1679 492 1724 marcas
502 1661 679 1746 anglicane
690 1669 828 1727 monete
840 1663 874 1727 in
886 1662 1100 1746 empcionem
1112 1662 1214 1728 vnius
1225 1683 1309 1748 cape
1321 1664 1469 1748 preciose

358 1784 464 1848 quam
496 1766 686 1831 secundum
719 1767 929 1852 exigenciam
962 1773 1176 1832 statutorum
1210 1768 1300 1833 dicte
1333 1768 1469 1833 ecclesie

358 1868 497 1933 reddere
515 1876 654 1935 tenetur
671 1878 705 1936 et
723 1871 917 1956 specialiter
934 1871 1023 1935 infra
1042 1872 1229 1937 triennium
1249 1893 1268 1937 n
1287 1873 1397 1956 primo
1415 1873 1469 1938 die

359 1971 548 2057 Septembr.
575 1975 676 2040 Anno
700 1977 781 2040 D'ni
807 1976 985 2040 Millesimo
1009 1976 1349 2061 quadringentesimo
1373 1997 1469 2043 sexn-

357 2077 485 2162 gesimo
497 2086 625 2164 quarto
637 2081 799 2145 continue
812 2080 1075 2145 numerandum.
1125 2082 1177 2144 De
1190 2081 1316 2166 quibus
1329 2081 1468 2167 quidem

358 2181 475 2247 decem
510 2185 635 2248 marcis
673 2205 733 2269 per
769 2205 892 2250 manus
930 2184 1048 2248 Rob'ti
1089 2186 1291 2250 Bramhowe
1328 2184 1465 2271 firmarij

358 2287 509 2353 eiusdem
546 2289 717 2373 prebende
753 2290 903 2354 fatemur
938 2309 1001 2353 nos
1036 2289 1080 2354 ad
1118 2309 1241 2354 manus
1278 2288 1321 2354 M.
1359 2289 1470 2373 Joh'is

357 2390 520 2456 Suthwell
556 2399 591 2457 et
626 2393 670 2458 M.
707 2393 818 2475 Joh'is
854 2394 1054 2457 Pakenham
1089 2393 1338 2458 Canonicorum
1376 2393 1470 2459 Resi-

357 2495 605 2562 denciariorum
632 2498 723 2561 dicte
750 2498 887 2562 ecclesie
914 2498 985 2562 iore
1011 2497 1153 2572 solutos,
1182 2497 1364 2582 ipsumque
1390 2519 1469 2565 con-

357 2599 497 2665 fratrem
518 2608 676 2666 nostmm
697 2601 962 2685 prebendarium
984 2601 1026 2664 de
1048 2601 1215 2685 Stodelay
1238 2601 1401 2668 antedict.
1425 2605 1469 2668 nb

357 2704 508 2769 ulteriori
524 2705 655 2770 clameo
671 2707 725 2769 vel
742 2705 955 2790 prestacione
971 2705 1168 2770 huiusmodi
1186 2726 1280 2790 cape,
1298 2713 1468 2791 quantum

357 2808 401 2874 ad
417 2830 479 2874 nos
496 2810 635 2886 attinet,
654 2831 880 2875 exoneramus
897 2817 931 2874 et
949 2810 1190 2894 acquietamus
1208 2831 1268 2896 per
1284 2818 1466 2896 presentes.

357 2912 437 2979 Dat.
456 2917 520 2980 sub
538 2915 598 2999 sig.
617 2937 650 2979 n.
669 2916 843 2980 communi
861 2915 906 2978 ad
923 2935 1046 2980 causas
1064 2915 1256 2999 penultimo
1273 2916 1327 2981 die
1344 2918 1469 2984 mensis

357 3018 501 3103 Augusti
520 3019 622 3083 Anno
640 3019 720 3083 D'ni
739 3020 881 3083 Mill'mo
899 3019 1241 3104 quadringentesimo
1259 3023 1468 3107 sexagesimo

356 3122 513 3206 septimo,

587 3252 673 3335 (335)
701 3252 922 3317 Cousrmres
946 3252 1236 3331 Acoummncm.

442 3393 489 3457 Et
513 3392 705 3457 consimiles
730 3393 965 3476 acquietancie
990 3393 1148 3458 exierunt
1175 3394 1256 3458 d’no
1282 3394 1467 3480 Radulpho

356 3496 509 3581 Langlay
534 3503 569 3560 et
595 3496 676 3561 d’no
700 3498 830 3561 Thome
857 3498 982 3574 Buthe,
1009 3497 1190 3563 Canonicis
1214 3499 1466 3582 prebendarum

354 3599 549 3665 Gevendale
567 3607 602 3665 et
622 3600 783 3685 Nunwyk
801 3622 864 3685 pro
883 3622 929 3666 xx
949 3603 1073 3667 marcis
1092 3623 1154 3687 per
1172 3603 1263 3686 ipsos
1282 3603 1402 3669 solutis
1421 3606 1466 3671 ad

1549 1143 1622 1204 ¹467.

1522 1211 1589 1269 nun¹
1606 1223 1647 1267 zo.

353 3705 565 3789 empcionem
590 3706 819 3771 consimilium
845 3726 1010 3791 caparum
1038 3707 1280 3791 preciosarum,
1305 3709 1464 3775 videlicet
1564 3731 1567 3735 ’

352 3810 490 3894 vtrique
508 3830 626 3875 eorum
645 3830 707 3894 pro
726 3831 748 3874 x
767 3811 900 3876 marcis

353 3988 439 4073 (336)
493 3989 724 4055 Aocromms
775 4006 1047 4055 soeeumznnm
1101 3990 1370 4058 Mammomon
1422 4012 1460 4058 m

394 4110 565 4158 ecceesm
590 4110 801 4159 Fonmsacn.

436 4235 635 4319 Capitulum
656 4235 793 4300 ecclesie
813 4235 889 4300 coll.
911 4236 944 4301 b.
968 4235 1061 4301 Petri
1083 4236 1208 4321 Ripon'
1230 4237 1358 4303 vicario
1379 4241 1457 4306 eccl.

1538 4260 1611 4319 1467,

348 4338 552 4423 parochialis
572 4339 614 4403 de
635 4338 783 4423 Kyrkby
799 4358 901 4423 super
920 4340 1024 4416 More,
1042 4340 1199 4405 salutem.
1257 4342 1304 4406 Vt
1324 4342 1359 4407 in
1379 4344 1457 4409 eccl.
1509 4324 1571 4373 Oct,
1587 4338 1628 4384 ²⁴·

349 4448 410 4507 tua
442 4443 628 4526 parochiali
662 4443 920 4508 Matrimonium
954 4444 1043 4508 inter
1075 4443 1283 4509 Willelmum
1315 4446 1460 4533 Cunyng

348 4546 390 4610 de
427 4547 690 4621 Hundburton,1
723 4546 970 4631 parochianum
1003 4547 1045 4612 de
1076 4546 1286 4632 Aldburghe,
1318 4570 1360 4613 ex
1391 4571 1459 4616 vna

350 4656 460 4734 parte,
480 4658 515 4715 et
538 4651 767 4734 Margaretam
789 4650 894 4714 filiam
921 4650 1008 4716 Ric’i
1031 4649 1194 4714 Redhede
1217 4651 1259 4716 de
1283 4653 1459 4731 Mulwath‚

420 4807 428 4830 ¹
448 4803 637 4860 Humberton,
652 4814 714 4851 now
727 4802 755 4849 in
769 4801 817 4850 the
830 4800 925 4868 parish
939 4802 967 4853 ol
984 4799 1284 4865 kirkbyontheHill.
