<?xml version="1.0" encoding="UTF-8"?>
<!DOCTYPE html PUBLIC "-//W3C//DTD XHTML 1.0 Transitional//EN"
    "http://www.w3.org/TR/xhtml1/DTD/xhtml1-transitional.dtd">
<html xmlns="http://www.w3.org/1999/xhtml" xml:lang="en" lang="en">
 <head>
  <title>
</title>
<meta http-equiv="Content-Type" content="text/html;charset=utf-8" />
  <meta name='ocr-system' content='tesseract 3.04.00' />
  <meta name='ocr-capabilities' content='ocr_page ocr_carea ocr_par ocr_line ocrx_word'/>
</head>
<body>
  <div class='ocr_page' id='page_1' title='image "./memorialschurch00fowlgoog_0069.png"; bbox 0 0 3950 5625; ppageno 0'>
   <div class='ocr_carea' id='block_1_1' title="bbox 771 719 1509 796">
    <p class='ocr_par' dir='ltr' id='par_1_1' title="bbox 771 719 1509 796">
     <span class='ocr_line' id='line_1_1' title="bbox 771 719 1509 796; baseline -0.004 -12"><span class='ocrx_word' id='word_1_1' title='bbox 771 719 867 784; x_wconf 82' lang='lat' dir='ltr'>Acrs</span> <span class='ocrx_word' id='word_1_2' title='bbox 891 738 938 784; x_wconf 79' lang='lat' dir='ltr'>or</span> <span class='ocrx_word' id='word_1_3' title='bbox 961 719 1152 786; x_wconf 74' lang='lat' dir='ltr'>Cnarrnn.</span> <span class='ocrx_word' id='word_1_4' title='bbox 1473 738 1509 796; x_wconf 74' lang='lat'>3¹</span> 
     </span>
    </p>
   </div>
   <div class='ocr_carea' id='block_1_2' title="bbox 402 894 1515 1977">
    <p class='ocr_par' dir='ltr' id='par_1_2' title="bbox 402 894 1515 1977">
     <span class='ocr_line' id='line_1_2' title="bbox 406 894 1513 978; baseline -0.006 -16"><span class='ocrx_word' id='word_1_5' title='bbox 406 897 504 962; x_wconf 90' lang='lat' dir='ltr'>cedue</span> <span class='ocrx_word' id='word_1_6' title='bbox 522 897 617 960; x_wconf 91' lang='lat' dir='ltr'>inter</span> <span class='ocrx_word' id='word_1_7' title='bbox 633 896 834 960; x_wconf 88' lang='lat' dir='ltr'>venerabile</span> <span class='ocrx_word' id='word_1_8' title='bbox 850 894 1041 978; x_wconf 90' lang='lat' dir='ltr'>capitulum</span> <span class='ocrx_word' id='word_1_9' title='bbox 1060 897 1141 959; x_wconf 94' lang='lat' dir='ltr'>eccl.</span> <span class='ocrx_word' id='word_1_10' title='bbox 1158 896 1236 959; x_wconf 92' lang='lat' dir='ltr'>coll.</span> <span class='ocrx_word' id='word_1_11' title='bbox 1254 910 1286 959; x_wconf 87' lang='lat' dir='ltr'>et</span> <span class='ocrx_word' id='word_1_12' title='bbox 1304 894 1513 978; x_wconf 86' lang='lat' dir='ltr'>parochialis</span> 
     </span>
     <span class='ocr_line' id='line_1_3' title="bbox 409 993 1515 1080; baseline -0.003 -22"><span class='ocrx_word' id='word_1_13' title='bbox 409 995 542 1080; x_wconf 85' lang='lat' dir='ltr'>Rypon&#39;</span> <span class='ocrx_word' id='word_1_14' title='bbox 568 1017 692 1059; x_wconf 90' lang='lat' dir='ltr'>coram</span> <span class='ocrx_word' id='word_1_15' title='bbox 724 995 823 1058; x_wconf 90' lang='lat' dir='ltr'>nobis</span> <span class='ocrx_word' id='word_1_16' title='bbox 848 994 919 1058; x_wconf 91' lang='lat' dir='ltr'>d&#39;ni</span> <span class='ocrx_word' id='word_1_17' title='bbox 949 994 1119 1059; x_wconf 89' lang='lat' dir='ltr'>Officialis</span> <span class='ocrx_word' id='word_1_18' title='bbox 1148 995 1251 1059; x_wconf 83' lang='lat' dir='ltr'>Curie</span> <span class='ocrx_word' id='word_1_19' title='bbox 1280 995 1382 1058; x_wconf 69' lang='lat' dir='ltr'>libor.</span> <span class='ocrx_word' id='word_1_20' title='bbox 1411 993 1515 1058; x_wconf 85' lang='lat' dir='ltr'>Com-</span> 
     </span>
     <span class='ocr_line' id='line_1_4' title="bbox 405 1094 1512 1179; baseline -0.001 -20"><span class='ocrx_word' id='word_1_21' title='bbox 405 1094 562 1160; x_wconf 90' lang='lat' dir='ltr'>missario</span> <span class='ocrx_word' id='word_1_22' title='bbox 608 1094 779 1179; x_wconf 86' lang='lat' dir='ltr'>generali,</span> <span class='ocrx_word' id='word_1_23' title='bbox 823 1108 954 1177; x_wconf 90' lang='lat' dir='ltr'>partem</span> <span class='ocrx_word' id='word_1_24' title='bbox 993 1096 1165 1167; x_wconf 88' lang='lat' dir='ltr'>actricem,</span> <span class='ocrx_word' id='word_1_25' title='bbox 1206 1116 1266 1178; x_wconf 90' lang='lat' dir='ltr'>per</span> <span class='ocrx_word' id='word_1_26' title='bbox 1303 1095 1512 1176; x_wconf 72' lang='lat' dir='ltr'>Magistrum</span> 
     </span>
     <span class='ocr_line' id='line_1_5' title="bbox 402 1195 1513 1281; baseline -0.001 -23"><span class='ocrx_word' id='word_1_27' title='bbox 402 1196 598 1281; x_wconf 74' lang='lat' dir='ltr'>johannem</span> <span class='ocrx_word' id='word_1_28' title='bbox 630 1195 674 1259; x_wconf 92' lang='lat' dir='ltr'>de</span> <span class='ocrx_word' id='word_1_29' title='bbox 703 1195 850 1259; x_wconf 87' lang='lat' dir='ltr'>Stauton</span> <span class='ocrx_word' id='word_1_30' title='bbox 885 1210 1141 1278; x_wconf 90' lang='lat' dir='ltr'>procuratorem</span> <span class='ocrx_word' id='word_1_31' title='bbox 1174 1208 1445 1279; x_wconf 88' lang='lat' dir='ltr'>comparentem,</span> <span class='ocrx_word' id='word_1_32' title='bbox 1472 1216 1513 1259; x_wconf 82' lang='lat' dir='ltr'>ex</span> 
     </span>
     <span class='ocr_line' id='line_1_6' title="bbox 405 1293 1515 1379; baseline -0.004 -20"><span class='ocrx_word' id='word_1_33' title='bbox 405 1309 499 1379; x_wconf 81' lang='lat' dir='ltr'>parte</span> <span class='ocrx_word' id='word_1_34' title='bbox 522 1317 604 1371; x_wconf 90' lang='lat' dir='ltr'>vna,</span> <span class='ocrx_word' id='word_1_35' title='bbox 625 1307 659 1359; x_wconf 91' lang='lat' dir='ltr'>et</span> <span class='ocrx_word' id='word_1_36' title='bbox 679 1295 852 1358; x_wconf 85' lang='lat' dir='ltr'>Thomam</span> <span class='ocrx_word' id='word_1_37' title='bbox 876 1293 986 1357; x_wconf 92' lang='lat' dir='ltr'>filium</span> <span class='ocrx_word' id='word_1_38' title='bbox 1009 1294 1188 1379; x_wconf 74' lang='lat' dir='ltr'>Symonis,</span> <span class='ocrx_word' id='word_1_39' title='bbox 1208 1294 1341 1379; x_wconf 89' lang='lat' dir='ltr'>Joh&#39;em</span> <span class='ocrx_word' id='word_1_40' title='bbox 1369 1295 1515 1358; x_wconf 80' lang='lat' dir='ltr'>Storour</span> 
     </span>
     <span class='ocr_line' id='line_1_7' title="bbox 403 1394 1512 1480; baseline -0.004 -20"><span class='ocrx_word' id='word_1_41' title='bbox 403 1397 446 1460; x_wconf 89' lang='lat' dir='ltr'>de</span> <span class='ocrx_word' id='word_1_42' title='bbox 465 1395 675 1470; x_wconf 83' lang='lat' dir='ltr'>Munketon‚</span> <span class='ocrx_word' id='word_1_43' title='bbox 699 1395 880 1478; x_wconf 86' lang='lat' dir='ltr'>Rogerum</span> <span class='ocrx_word' id='word_1_44' title='bbox 900 1394 1057 1480; x_wconf 83' lang='lat' dir='ltr'>Wryght</span> <span class='ocrx_word' id='word_1_45' title='bbox 1073 1395 1116 1458; x_wconf 91' lang='lat' dir='ltr'>de</span> <span class='ocrx_word' id='word_1_46' title='bbox 1144 1394 1297 1480; x_wconf 85' lang='lat' dir='ltr'>Rypon&#39;,</span> <span class='ocrx_word' id='word_1_47' title='bbox 1321 1394 1512 1458; x_wconf 89' lang='lat' dir='ltr'>Robertum</span> 
     </span>
     <span class='ocr_line' id='line_1_8' title="bbox 403 1490 1511 1576; baseline -0.005 -18"><span class='ocrx_word' id='word_1_48' title='bbox 403 1494 451 1559; x_wconf 91' lang='lat' dir='ltr'>fil.</span> <span class='ocrx_word' id='word_1_49' title='bbox 476 1495 622 1558; x_wconf 91' lang='lat' dir='ltr'>Roberti</span> <span class='ocrx_word' id='word_1_50' title='bbox 649 1493 875 1569; x_wconf 90' lang='lat' dir='ltr'>Mariotsone,</span> <span class='ocrx_word' id='word_1_51' title='bbox 895 1505 928 1556; x_wconf 94' lang='lat' dir='ltr'>et</span> <span class='ocrx_word' id='word_1_52' title='bbox 951 1491 1083 1576; x_wconf 82' lang='lat' dir='ltr'>Job&#39;em</span> <span class='ocrx_word' id='word_1_53' title='bbox 1104 1491 1301 1575; x_wconf 77' lang='lat' dir='ltr'>Wbytbred</span> <span class='ocrx_word' id='word_1_54' title='bbox 1320 1491 1362 1554; x_wconf 94' lang='lat' dir='ltr'>de</span> <span class='ocrx_word' id='word_1_55' title='bbox 1379 1490 1511 1573; x_wconf 88' lang='lat' dir='ltr'>Thorp,</span> 
     </span>
     <span class='ocr_line' id='line_1_9' title="bbox 405 1579 1514 1678; baseline -0.005 -21"><span class='ocrx_word' id='word_1_56' title='bbox 405 1595 642 1678; x_wconf 89' lang='lat' dir='ltr'>parochianos</span> <span class='ocrx_word' id='word_1_57' title='bbox 670 1593 759 1657; x_wconf 92' lang='lat' dir='ltr'>dicte</span> <span class='ocrx_word' id='word_1_58' title='bbox 783 1595 864 1657; x_wconf 89' lang='lat' dir='ltr'>eccl.</span> <span class='ocrx_word' id='word_1_59' title='bbox 896 1593 974 1656; x_wconf 91' lang='lat' dir='ltr'>coll.</span> <span class='ocrx_word' id='word_1_60' title='bbox 1003 1603 1036 1654; x_wconf 94' lang='lat' dir='ltr'>et</span> <span class='ocrx_word' id='word_1_61' title='bbox 1064 1590 1274 1674; x_wconf 86' lang='lat' dir='ltr'>parochialis</span> <span class='ocrx_word' id='word_1_62' title='bbox 1301 1591 1343 1654; x_wconf 93' lang='lat' dir='ltr'>de</span> <span class='ocrx_word' id='word_1_63' title='bbox 1375 1579 1514 1674; x_wconf 77' lang='lat' dir='ltr'>Rypon&#39;</span> 
     </span>
     <span class='ocr_line' id='line_1_10' title="bbox 404 1689 1510 1779; baseline -0.005 -21"><span class='ocrx_word' id='word_1_64' title='bbox 404 1716 466 1778; x_wconf 91' lang='lat' dir='ltr'>per</span> <span class='ocrx_word' id='word_1_65' title='bbox 481 1693 694 1777; x_wconf 79' lang='lat' dir='ltr'>Magistrum</span> <span class='ocrx_word' id='word_1_66' title='bbox 708 1693 842 1777; x_wconf 72' lang='lat' dir='ltr'>joh&#39;em</span> <span class='ocrx_word' id='word_1_67' title='bbox 856 1694 899 1756; x_wconf 92' lang='lat' dir='ltr'>de</span> <span class='ocrx_word' id='word_1_68' title='bbox 915 1689 1083 1774; x_wconf 79' lang='lat' dir='ltr'>Roucryff</span> <span class='ocrx_word' id='word_1_69' title='bbox 1095 1704 1364 1773; x_wconf 82' lang='lat' dir='ltr'>comparentem.</span> <span class='ocrx_word' id='word_1_70' title='bbox 1382 1704 1510 1779; x_wconf 66' lang='lat' dir='ltr'>partem</span> 
     </span>
     <span class='ocr_line' id='line_1_11' title="bbox 404 1791 1511 1868; baseline -0.005 -12"><span class='ocrx_word' id='word_1_71' title='bbox 404 1815 513 1868; x_wconf 90' lang='lat' dir='ltr'>ream,</span> <span class='ocrx_word' id='word_1_72' title='bbox 542 1815 585 1857; x_wconf 80' lang='lat' dir='ltr'>ex</span> <span class='ocrx_word' id='word_1_73' title='bbox 612 1793 732 1866; x_wconf 90' lang='lat' dir='ltr'>altera,</span> <span class='ocrx_word' id='word_1_74' title='bbox 763 1793 881 1856; x_wconf 89' lang='lat' dir='ltr'>oblato</span> <span class='ocrx_word' id='word_1_75' title='bbox 913 1792 1030 1855; x_wconf 91' lang='lat' dir='ltr'>libello</span> <span class='ocrx_word' id='word_1_76' title='bbox 1061 1791 1325 1855; x_wconf 88' lang='lat' dir='ltr'>conuencionali</span> <span class='ocrx_word' id='word_1_77' title='bbox 1359 1804 1511 1854; x_wconf 79' lang='lat' dir='ltr'>tenorent</span> 
     </span>
     <span class='ocr_line' id='line_1_12' title="bbox 402 1893 869 1977; baseline -0.004 -19"><span class='ocrx_word' id='word_1_78' title='bbox 402 1895 464 1977; x_wconf 91' lang='lat' dir='ltr'>qui</span> <span class='ocrx_word' id='word_1_79' title='bbox 484 1893 643 1976; x_wconf 89' lang='lat' dir='ltr'>sequitur</span> <span class='ocrx_word' id='word_1_80' title='bbox 659 1893 869 1957; x_wconf 83' lang='lat' dir='ltr'>continente.</span> 
     </span>
    </p>
   </div>
   <div class='ocr_carea' id='block_1_3' title="bbox 402 2051 1724 4628">
    <p class='ocr_par' dir='ltr' id='par_1_3' title="bbox 402 2051 1724 4628">
     <span class='ocr_line' id='line_1_13' title="bbox 497 2051 1513 2129; baseline -0.003 -11"><span class='ocrx_word' id='word_1_81' title='bbox 497 2057 536 2118; x_wconf 94' lang='lat' dir='ltr'>ln</span> <span class='ocrx_word' id='word_1_82' title='bbox 557 2056 623 2119; x_wconf 93' lang='lat' dir='ltr'>Dei</span> <span class='ocrx_word' id='word_1_83' title='bbox 644 2054 795 2129; x_wconf 91' lang='lat' dir='ltr'>nomine,</span> <span class='ocrx_word' id='word_1_84' title='bbox 818 2055 942 2117; x_wconf 82' lang='lat' dir='ltr'>Amen.</span> <span class='ocrx_word' id='word_1_85' title='bbox 993 2053 1118 2117; x_wconf 90' lang='lat' dir='ltr'>Coram</span> <span class='ocrx_word' id='word_1_86' title='bbox 1146 2054 1245 2118; x_wconf 86' lang='lat' dir='ltr'>vobis</span> <span class='ocrx_word' id='word_1_87' title='bbox 1266 2053 1348 2116; x_wconf 86' lang='lat' dir='ltr'>d&#39;no</span> <span class='ocrx_word' id='word_1_88' title='bbox 1365 2051 1513 2116; x_wconf 87' lang='lat' dir='ltr'>Officiali</span> 
     </span>
     <span class='ocr_line' id='line_1_14' title="bbox 403 2152 1516 2235; baseline -0.005 -14"><span class='ocrx_word' id='word_1_89' title='bbox 403 2156 513 2221; x_wconf 86' lang='lat' dir='ltr'>Curie</span> <span class='ocrx_word' id='word_1_90' title='bbox 540 2155 645 2218; x_wconf 89' lang='lat' dir='ltr'>Ebor.</span> <span class='ocrx_word' id='word_1_91' title='bbox 675 2168 833 2218; x_wconf 88' lang='lat' dir='ltr'>vestrove</span> <span class='ocrx_word' id='word_1_92' title='bbox 862 2153 1113 2218; x_wconf 87' lang='lat' dir='ltr'>Commissario</span> <span class='ocrx_word' id='word_1_93' title='bbox 1141 2153 1296 2235; x_wconf 76' lang='lat' dir='ltr'>generali</span> <span class='ocrx_word' id='word_1_94' title='bbox 1327 2152 1410 2235; x_wconf 87' lang='lat' dir='ltr'>petit</span> <span class='ocrx_word' id='word_1_95' title='bbox 1439 2173 1516 2234; x_wconf 89' lang='lat' dir='ltr'>pro·</span> 
     </span>
     <span class='ocr_line' id='line_1_15' title="bbox 402 2252 1515 2336; baseline -0.004 -17"><span class='ocrx_word' id='word_1_96' title='bbox 402 2269 546 2320; x_wconf 93' lang='lat' dir='ltr'>curator</span> <span class='ocrx_word' id='word_1_97' title='bbox 578 2253 788 2317; x_wconf 90' lang='lat' dir='ltr'>venerabilis</span> <span class='ocrx_word' id='word_1_98' title='bbox 820 2252 971 2334; x_wconf 81' lang='lat' dir='ltr'>Capituli</span> <span class='ocrx_word' id='word_1_99' title='bbox 1004 2255 1085 2317; x_wconf 93' lang='lat' dir='ltr'>eccl.</span> <span class='ocrx_word' id='word_1_100' title='bbox 1121 2254 1199 2317; x_wconf 92' lang='lat' dir='ltr'>coll.</span> <span class='ocrx_word' id='word_1_101' title='bbox 1234 2268 1267 2317; x_wconf 86' lang='lat' dir='ltr'>ct</span> <span class='ocrx_word' id='word_1_102' title='bbox 1300 2253 1438 2336; x_wconf 80' lang='lat' dir='ltr'><strong>paroch.</strong></span> <span class='ocrx_word' id='word_1_103' title='bbox 1473 2252 1515 2316; x_wconf 86' lang='lat' dir='ltr'>dc</span> 
     </span>
     <span class='ocr_line' id='line_1_16' title="bbox 407 2351 1511 2439; baseline -0.003 -22"><span class='ocrx_word' id='word_1_104' title='bbox 407 2352 554 2439; x_wconf 88' lang='lat' dir='ltr'>Rypon&#39;</span> <span class='ocrx_word' id='word_1_105' title='bbox 571 2353 712 2416; x_wconf 92' lang='lat' dir='ltr'>nomine</span> <span class='ocrx_word' id='word_1_106' title='bbox 731 2351 967 2434; x_wconf 85' lang='lat' dir='ltr'>procuratorio</span> <span class='ocrx_word' id='word_1_107' title='bbox 985 2373 1047 2434; x_wconf 93' lang='lat' dir='ltr'>pro</span> <span class='ocrx_word' id='word_1_108' title='bbox 1063 2352 1184 2416; x_wconf 92' lang='lat' dir='ltr'>eodem</span> <span class='ocrx_word' id='word_1_109' title='bbox 1203 2351 1376 2415; x_wconf 86' lang='lat' dir='ltr'>Thomam</span> <span class='ocrx_word' id='word_1_110' title='bbox 1396 2351 1441 2415; x_wconf 84' lang='lat' dir='ltr'>sil.</span> <span class='ocrx_word' id='word_1_111' title='bbox 1460 2354 1511 2424; x_wconf 72' lang='lat' dir='ltr'>S..</span> 
     </span>
     <span class='ocr_line' id='line_1_17' title="bbox 402 2450 1514 2539; baseline -0.002 -23"><span class='ocrx_word' id='word_1_112' title='bbox 402 2455 435 2539; x_wconf 86' lang='lat' dir='ltr'>J.</span> <span class='ocrx_word' id='word_1_113' title='bbox 465 2454 503 2516; x_wconf 77' lang='lat' dir='ltr'>S.</span> <span class='ocrx_word' id='word_1_114' title='bbox 531 2452 574 2516; x_wconf 88' lang='lat' dir='ltr'>de</span> <span class='ocrx_word' id='word_1_115' title='bbox 601 2453 664 2527; x_wconf 87' lang='lat' dir='ltr'>M.‚</span> <span class='ocrx_word' id='word_1_116' title='bbox 688 2451 731 2514; x_wconf 88' lang='lat' dir='ltr'>R.</span> <span class='ocrx_word' id='word_1_117' title='bbox 754 2451 813 2514; x_wconf 88' lang='lat' dir='ltr'>W.</span> <span class='ocrx_word' id='word_1_118' title='bbox 834 2452 876 2515; x_wconf 93' lang='lat' dir='ltr'>de</span> <span class='ocrx_word' id='word_1_119' title='bbox 903 2451 961 2526; x_wconf 89' lang='lat' dir='ltr'>R.,</span> <span class='ocrx_word' id='word_1_120' title='bbox 993 2451 1036 2513; x_wconf 91' lang='lat' dir='ltr'>R.</span> <span class='ocrx_word' id='word_1_121' title='bbox 1057 2450 1103 2513; x_wconf 87' lang='lat' dir='ltr'>fil.</span> <span class='ocrx_word' id='word_1_122' title='bbox 1130 2451 1172 2513; x_wconf 94' lang='lat' dir='ltr'>R.</span> <span class='ocrx_word' id='word_1_123' title='bbox 1196 2450 1258 2526; x_wconf 62' lang='lat' dir='ltr'>M„</span> <span class='ocrx_word' id='word_1_124' title='bbox 1279 2464 1311 2514; x_wconf 94' lang='lat' dir='ltr'>et</span> <span class='ocrx_word' id='word_1_125' title='bbox 1334 2452 1362 2535; x_wconf 89' lang='lat' dir='ltr'>J.</span> <span class='ocrx_word' id='word_1_126' title='bbox 1393 2450 1451 2513; x_wconf 88' lang='lat' dir='ltr'>W.</span> <span class='ocrx_word' id='word_1_127' title='bbox 1472 2451 1514 2514; x_wconf 93' lang='lat' dir='ltr'>de</span> 
     </span>
     <span class='ocr_line' id='line_1_18' title="bbox 404 2549 1512 2634; baseline -0.005 -18"><span class='ocrx_word' id='word_1_128' title='bbox 404 2553 465 2629; x_wconf 65' lang='lat' dir='ltr'>T„</span> <span class='ocrx_word' id='word_1_129' title='bbox 487 2551 720 2634; x_wconf 91' lang='lat' dir='ltr'>parochianos</span> <span class='ocrx_word' id='word_1_130' title='bbox 737 2550 826 2614; x_wconf 87' lang='lat' dir='ltr'>dicte</span> <span class='ocrx_word' id='word_1_131' title='bbox 842 2551 962 2613; x_wconf 88' lang='lat' dir='ltr'>eccles.</span> <span class='ocrx_word' id='word_1_132' title='bbox 983 2550 1061 2612; x_wconf 93' lang='lat' dir='ltr'>coll.</span> <span class='ocrx_word' id='word_1_133' title='bbox 1082 2564 1114 2613; x_wconf 92' lang='lat' dir='ltr'>et</span> <span class='ocrx_word' id='word_1_134' title='bbox 1133 2550 1272 2633; x_wconf 85' lang='lat' dir='ltr'>paroch.</span> <span class='ocrx_word' id='word_1_135' title='bbox 1296 2549 1438 2632; x_wconf 90' lang='lat' dir='ltr'>Ripon&#39;,</span> <span class='ocrx_word' id='word_1_136' title='bbox 1454 2550 1512 2631; x_wconf 94' lang='lat' dir='ltr'>qui</span> 
     </span>
     <span class='ocr_line' id='line_1_19' title="bbox 405 2649 1692 2739; baseline -0.005 -23"><span class='ocrx_word' id='word_1_137' title='bbox 405 2655 551 2716; x_wconf 86' lang='lat' dir='ltr'>hoscam</span> <span class='ocrx_word' id='word_1_138' title='bbox 567 2651 644 2730; x_wconf 79' lang='lat' dir='ltr'>(cic)</span> <span class='ocrx_word' id='word_1_139' title='bbox 657 2664 690 2713; x_wconf 86' lang='lat' dir='ltr'>et</span> <span class='ocrx_word' id='word_1_140' title='bbox 703 2649 827 2711; x_wconf 89' lang='lat' dir='ltr'>siluam</span> <span class='ocrx_word' id='word_1_141' title='bbox 843 2650 986 2712; x_wconf 90' lang='lat' dir='ltr'>ceduam</span> <span class='ocrx_word' id='word_1_142' title='bbox 1004 2650 1037 2712; x_wconf 95' lang='lat' dir='ltr'>in</span> <span class='ocrx_word' id='word_1_143' title='bbox 1053 2652 1129 2713; x_wconf 93' lang='lat' dir='ltr'>loco</span> <span class='ocrx_word' id='word_1_144' title='bbox 1143 2663 1265 2713; x_wconf 92' lang='lat' dir='ltr'>vocato</span> <span class='ocrx_word' id='word_1_145' title='bbox 1279 2651 1310 2713; x_wconf 95' lang='lat' dir='ltr'>le</span> <span class='ocrx_word' id='word_1_146' title='bbox 1326 2650 1514 2713; x_wconf 86' lang='lat' dir='ltr'>Horsclose</span> <span class='ocrx_word' id='word_1_147' title='bbox 1560 2728 1568 2739; x_wconf 18' lang='grc' dir='ltr'>ἢ</span> <span class='ocrx_word' id='word_1_148' title='bbox 1592 2662 1692 2737; x_wconf 42' lang='lat' dir='ltr'>nora„</span> 
     </span>
     <span class='ocr_line' id='line_1_20' title="bbox 404 2728 1724 2841; baseline -0.004 -25"><span class='ocrx_word' id='word_1_149' title='bbox 404 2764 440 2817; x_wconf 93' lang='lat' dir='ltr'>et</span> <span class='ocrx_word' id='word_1_150' title='bbox 454 2753 599 2815; x_wconf 86' lang='lat' dir='ltr'>boscum</span> <span class='ocrx_word' id='word_1_151' title='bbox 619 2762 651 2814; x_wconf 93' lang='lat' dir='ltr'>et</span> <span class='ocrx_word' id='word_1_152' title='bbox 668 2749 745 2812; x_wconf 90' lang='lat' dir='ltr'>silv.</span> <span class='ocrx_word' id='word_1_153' title='bbox 760 2749 831 2812; x_wconf 89' lang='lat' dir='ltr'>ced.</span> <span class='ocrx_word' id='word_1_154' title='bbox 851 2749 883 2811; x_wconf 92' lang='lat' dir='ltr'>in</span> <span class='ocrx_word' id='word_1_155' title='bbox 900 2750 975 2812; x_wconf 91' lang='lat' dir='ltr'>loco</span> <span class='ocrx_word' id='word_1_156' title='bbox 992 2750 1050 2832; x_wconf 96' lang='lat' dir='ltr'>qui</span> <span class='ocrx_word' id='word_1_157' title='bbox 1065 2762 1209 2814; x_wconf 89' lang='lat' dir='ltr'>vocatur</span> <span class='ocrx_word' id='word_1_158' title='bbox 1223 2751 1253 2812; x_wconf 93' lang='lat' dir='ltr'>le</span> <span class='ocrx_word' id='word_1_159' title='bbox 1271 2750 1511 2833; x_wconf 71' lang='lat' dir='ltr'>Stubbynges</span> <span class='ocrx_word' id='word_1_160' title='bbox 1529 2728 1724 2841; x_wconf 45' lang='grc' dir='ltr'>οἷῇῗξξῗᾚῗζ</span> 
     </span>
     <span class='ocr_line' id='line_1_21' title="bbox 404 2849 1643 2935; baseline -0.008 -20"><span class='ocrx_word' id='word_1_161' title='bbox 404 2873 477 2935; x_wconf 92' lang='lat' dir='ltr'>que</span> <span class='ocrx_word' id='word_1_162' title='bbox 494 2851 634 2934; x_wconf 92' lang='lat' dir='ltr'>quidem</span> <span class='ocrx_word' id='word_1_163' title='bbox 654 2851 742 2913; x_wconf 90' lang='lat' dir='ltr'>silue</span> <span class='ocrx_word' id='word_1_164' title='bbox 759 2849 866 2913; x_wconf 88' lang='lat' dir='ltr'>cedue</span> <span class='ocrx_word' id='word_1_165' title='bbox 882 2870 923 2912; x_wconf 81' lang='lat' dir='ltr'>ex</span> <span class='ocrx_word' id='word_1_166' title='bbox 940 2849 1069 2912; x_wconf 91' lang='lat' dir='ltr'>eisdem</span> <span class='ocrx_word' id='word_1_167' title='bbox 1094 2849 1261 2932; x_wconf 81' lang='lat' dir='ltr'>stirpibus</span> <span class='ocrx_word' id='word_1_168' title='bbox 1284 2862 1316 2913; x_wconf 92' lang='lat' dir='ltr'>et</span> <span class='ocrx_word' id='word_1_169' title='bbox 1342 2850 1515 2913; x_wconf 83' lang='lat' dir='ltr'>radicibus</span> <span class='ocrx_word' id='word_1_170' title='bbox 1530 2861 1643 2907; x_wconf 57' lang='grc' dir='ltr'>ουιιιηικ·</span> 
     </span>
     <span class='ocr_line' id='line_1_22' title="bbox 406 2949 1515 3032; baseline -0.003 -17"><span class='ocrx_word' id='word_1_171' title='bbox 406 2963 639 3015; x_wconf 91' lang='lat' dir='ltr'>renascuntur</span> <span class='ocrx_word' id='word_1_172' title='bbox 684 2964 716 3012; x_wconf 86' lang='lat' dir='ltr'>et</span> <span class='ocrx_word' id='word_1_173' title='bbox 764 2963 969 3021; x_wconf 82' lang='lat' dir='ltr'>recrescunt,</span> <span class='ocrx_word' id='word_1_174' title='bbox 1012 2962 1044 3013; x_wconf 93' lang='lat' dir='ltr'>et</span> <span class='ocrx_word' id='word_1_175' title='bbox 1083 2949 1131 3014; x_wconf 91' lang='lat' dir='ltr'>sic</span> <span class='ocrx_word' id='word_1_176' title='bbox 1170 2950 1288 3032; x_wconf 92' lang='lat' dir='ltr'>sepius</span> <span class='ocrx_word' id='word_1_177' title='bbox 1328 2970 1515 3013; x_wconf 82' lang='lat' dir='ltr'>recrescere</span> 
     </span>
     <span class='ocr_line' id='line_1_23' title="bbox 405 3047 1515 3115; baseline -0.004 -1"><span class='ocrx_word' id='word_1_178' title='bbox 405 3060 668 3115; x_wconf 90' lang='lat' dir='ltr'>consueuerunt</span> <span class='ocrx_word' id='word_1_179' title='bbox 685 3048 773 3110; x_wconf 85' lang='lat' dir='ltr'>infra</span> <span class='ocrx_word' id='word_1_180' title='bbox 793 3047 881 3111; x_wconf 88' lang='lat' dir='ltr'>fines</span> <span class='ocrx_word' id='word_1_181' title='bbox 904 3060 938 3111; x_wconf 92' lang='lat' dir='ltr'>et</span> <span class='ocrx_word' id='word_1_182' title='bbox 962 3049 1089 3112; x_wconf 92' lang='lat' dir='ltr'>limites</span> <span class='ocrx_word' id='word_1_183' title='bbox 1113 3063 1146 3112; x_wconf 91' lang='lat' dir='ltr'>et</span> <span class='ocrx_word' id='word_1_184' title='bbox 1170 3051 1244 3113; x_wconf 93' lang='lat' dir='ltr'>loca</span> <span class='ocrx_word' id='word_1_185' title='bbox 1268 3049 1515 3112; x_wconf 91' lang='lat' dir='ltr'>decimacionis</span> 
     </span>
     <span class='ocr_line' id='line_1_24' title="bbox 406 3148 1516 3221; baseline -0.004 -7"><span class='ocrx_word' id='word_1_186' title='bbox 406 3151 498 3214; x_wconf 90' lang='lat' dir='ltr'>dicte</span> <span class='ocrx_word' id='word_1_187' title='bbox 522 3150 604 3213; x_wconf 92' lang='lat' dir='ltr'>eccl.</span> <span class='ocrx_word' id='word_1_188' title='bbox 630 3148 672 3211; x_wconf 90' lang='lat' dir='ltr'>de</span> <span class='ocrx_word' id='word_1_189' title='bbox 699 3148 742 3210; x_wconf 91' lang='lat' dir='ltr'>R.</span> <span class='ocrx_word' id='word_1_190' title='bbox 770 3148 1010 3221; x_wconf 74' lang='lat' dir='ltr'>existentibus</span> <span class='ocrx_word' id='word_1_191' title='bbox 1038 3149 1070 3210; x_wconf 91' lang='lat' dir='ltr'>in</span> <span class='ocrx_word' id='word_1_192' title='bbox 1096 3170 1190 3211; x_wconf 94' lang='lat' dir='ltr'>anno</span> <span class='ocrx_word' id='word_1_193' title='bbox 1217 3148 1298 3210; x_wconf 81' lang='grc' dir='ltr'>1)ἠί</span> <span class='ocrx_word' id='word_1_194' title='bbox 1327 3148 1516 3211; x_wconf 84' lang='lat' dir='ltr'>Millesimo</span> 
     </span>
     <span class='ocr_line' id='line_1_25' title="bbox 407 3248 1516 3332; baseline -0.004 -18"><span class='ocrx_word' id='word_1_195' title='bbox 407 3264 509 3314; x_wconf 84' lang='lat' dir='ltr'>cccmo</span> <span class='ocrx_word' id='word_1_196' title='bbox 540 3248 761 3332; x_wconf 86' lang='lat' dir='ltr'>sexagesimo</span> <span class='ocrx_word' id='word_1_197' title='bbox 793 3262 917 3330; x_wconf 88' lang='lat' dir='ltr'>quarto</span> <span class='ocrx_word' id='word_1_198' title='bbox 948 3262 1184 3330; x_wconf 87' lang='lat' dir='ltr'>amputarunt,</span> <span class='ocrx_word' id='word_1_199' title='bbox 1219 3248 1450 3322; x_wconf 89' lang='lat' dir='ltr'>succiderunt,</span> <span class='ocrx_word' id='word_1_200' title='bbox 1485 3262 1516 3310; x_wconf 87' lang='lat' dir='ltr'>et</span> 
     </span>
     <span class='ocr_line' id='line_1_26' title="bbox 407 3347 1514 3432; baseline -0.004 -19"><span class='ocrx_word' id='word_1_201' title='bbox 407 3348 581 3432; x_wconf 89' lang='lat' dir='ltr'>amputari</span> <span class='ocrx_word' id='word_1_202' title='bbox 600 3361 633 3411; x_wconf 93' lang='lat' dir='ltr'>et</span> <span class='ocrx_word' id='word_1_203' title='bbox 649 3348 778 3411; x_wconf 88' lang='lat' dir='ltr'>succidi</span> <span class='ocrx_word' id='word_1_204' title='bbox 799 3347 951 3411; x_wconf 88' lang='lat' dir='ltr'>lecerunt</span> <span class='ocrx_word' id='word_1_205' title='bbox 968 3361 1001 3411; x_wconf 95' lang='lat' dir='ltr'>et</span> <span class='ocrx_word' id='word_1_206' title='bbox 1015 3348 1047 3410; x_wconf 93' lang='lat' dir='ltr'>in</span> <span class='ocrx_word' id='word_1_207' title='bbox 1064 3370 1147 3410; x_wconf 90' lang='lat' dir='ltr'>vsus</span> <span class='ocrx_word' id='word_1_208' title='bbox 1161 3368 1244 3410; x_wconf 88' lang='lat' dir='ltr'>suos</span> <span class='ocrx_word' id='word_1_209' title='bbox 1257 3361 1514 3420; x_wconf 86' lang='lat' dir='ltr'>conuerterunt,</span> 
     </span>
     <span class='ocr_line' id='line_1_27' title="bbox 408 3448 1517 3533; baseline -0.003 -18"><span class='ocrx_word' id='word_1_210' title='bbox 408 3465 442 3515; x_wconf 91' lang='lat' dir='ltr'>et</span> <span class='ocrx_word' id='word_1_211' title='bbox 466 3448 614 3533; x_wconf 87' lang='lat' dir='ltr'>quilibet</span> <span class='ocrx_word' id='word_1_212' title='bbox 641 3469 760 3512; x_wconf 91' lang='lat' dir='ltr'>eorum</span> <span class='ocrx_word' id='word_1_213' title='bbox 790 3448 997 3531; x_wconf 89' lang='lat' dir='ltr'>amputauit,</span> <span class='ocrx_word' id='word_1_214' title='bbox 1029 3448 1184 3521; x_wconf 85' lang='lat' dir='ltr'>succidit,</span> <span class='ocrx_word' id='word_1_215' title='bbox 1215 3469 1255 3511; x_wconf 92' lang='lat' dir='ltr'>ac</span> <span class='ocrx_word' id='word_1_216' title='bbox 1285 3449 1456 3530; x_wconf 89' lang='lat' dir='ltr'>amputari</span> <span class='ocrx_word' id='word_1_217' title='bbox 1485 3462 1517 3512; x_wconf 90' lang='lat' dir='ltr'>ct</span> 
     </span>
     <span class='ocr_line' id='line_1_28' title="bbox 409 3547 1514 3622; baseline -0.003 -9"><span class='ocrx_word' id='word_1_218' title='bbox 409 3548 539 3613; x_wconf 89' lang='lat' dir='ltr'>succidi</span> <span class='ocrx_word' id='word_1_219' title='bbox 566 3547 645 3611; x_wconf 88' lang='lat' dir='ltr'>fecit</span> <span class='ocrx_word' id='word_1_220' title='bbox 668 3561 700 3611; x_wconf 90' lang='lat' dir='ltr'>et</span> <span class='ocrx_word' id='word_1_221' title='bbox 729 3547 919 3622; x_wconf 88' lang='lat' dir='ltr'>mandauit,</span> <span class='ocrx_word' id='word_1_222' title='bbox 947 3561 979 3609; x_wconf 93' lang='lat' dir='ltr'>et</span> <span class='ocrx_word' id='word_1_223' title='bbox 1009 3547 1042 3608; x_wconf 94' lang='lat' dir='ltr'>in</span> <span class='ocrx_word' id='word_1_224' title='bbox 1072 3569 1171 3609; x_wconf 78' lang='lat' dir='ltr'>usum</span> <span class='ocrx_word' id='word_1_225' title='bbox 1202 3569 1303 3610; x_wconf 92' lang='lat' dir='ltr'>suum</span> <span class='ocrx_word' id='word_1_226' title='bbox 1333 3548 1514 3619; x_wconf 88' lang='lat' dir='ltr'>conuertit,</span> 
     </span>
     <span class='ocr_line' id='line_1_29' title="bbox 410 3647 1515 3728; baseline -0.002 -15"><span class='ocrx_word' id='word_1_227' title='bbox 410 3650 501 3713; x_wconf 90' lang='lat' dir='ltr'>iusta</span> <span class='ocrx_word' id='word_1_228' title='bbox 532 3661 565 3711; x_wconf 93' lang='lat' dir='ltr'>et</span> <span class='ocrx_word' id='word_1_229' title='bbox 598 3668 678 3711; x_wconf 90' lang='lat' dir='ltr'>vera</span> <span class='ocrx_word' id='word_1_230' title='bbox 709 3648 861 3711; x_wconf 84' lang='lat' dir='ltr'>decimaI</span> <span class='ocrx_word' id='word_1_231' title='bbox 894 3647 982 3710; x_wconf 91' lang='lat' dir='ltr'>dicte</span> <span class='ocrx_word' id='word_1_232' title='bbox 1016 3648 1105 3710; x_wconf 90' lang='lat' dir='ltr'>silue</span> <span class='ocrx_word' id='word_1_233' title='bbox 1136 3647 1253 3722; x_wconf 93' lang='lat' dir='ltr'>cedue,</span> <span class='ocrx_word' id='word_1_234' title='bbox 1289 3669 1392 3728; x_wconf 90' lang='lat' dir='ltr'>quam</span> <span class='ocrx_word' id='word_1_235' title='bbox 1428 3648 1515 3711; x_wconf 89' lang='lat' dir='ltr'>idem</span> 
     </span>
     <span class='ocr_line' id='line_1_30' title="bbox 410 3747 1518 3833; baseline 0.001 -21"><span class='ocrx_word' id='word_1_236' title='bbox 410 3760 614 3833; x_wconf 86' lang='lat' dir='ltr'>procurator</span> <span class='ocrx_word' id='word_1_237' title='bbox 630 3747 710 3811; x_wconf 83' lang='lat' dir='ltr'>facit</span> <span class='ocrx_word' id='word_1_238' title='bbox 726 3763 758 3810; x_wconf 90' lang='lat' dir='ltr'>et</span> <span class='ocrx_word' id='word_1_239' title='bbox 775 3748 913 3811; x_wconf 90' lang='lat' dir='ltr'>estimat</span> <span class='ocrx_word' id='word_1_240' title='bbox 929 3747 972 3809; x_wconf 89' lang='lat' dir='ltr'>ad</span> <span class='ocrx_word' id='word_1_241' title='bbox 991 3747 1115 3830; x_wconf 87' lang='lat' dir='ltr'>viginti</span> <span class='ocrx_word' id='word_1_242' title='bbox 1134 3748 1266 3811; x_wconf 90' lang='lat' dir='ltr'>solidos</span> <span class='ocrx_word' id='word_1_243' title='bbox 1282 3749 1430 3830; x_wconf 76' lang='lat' dir='ltr'>argenti,</span> <span class='ocrx_word' id='word_1_244' title='bbox 1450 3771 1518 3830; x_wconf 89' lang='lat' dir='ltr'>que</span> 
     </span>
     <span class='ocr_line' id='line_1_31' title="bbox 409 3846 1518 3933; baseline 0.001 -21"><span class='ocrx_word' id='word_1_245' title='bbox 409 3848 550 3933; x_wconf 92' lang='lat' dir='ltr'>quidem</span> <span class='ocrx_word' id='word_1_246' title='bbox 569 3847 703 3911; x_wconf 91' lang='lat' dir='ltr'>decima</span> <span class='ocrx_word' id='word_1_247' title='bbox 720 3847 820 3910; x_wconf 92' lang='lat' dir='ltr'>dictis</span> <span class='ocrx_word' id='word_1_248' title='bbox 837 3847 982 3911; x_wconf 83' lang='lat' dir='ltr'>ecclesie</span> <span class='ocrx_word' id='word_1_249' title='bbox 1004 3846 1143 3929; x_wconf 87' lang='lat' dir='ltr'>paroch.</span> <span class='ocrx_word' id='word_1_250' title='bbox 1164 3860 1197 3911; x_wconf 91' lang='lat' dir='ltr'>et</span> <span class='ocrx_word' id='word_1_251' title='bbox 1222 3847 1385 3930; x_wconf 86' lang='lat' dir='ltr'>Capitulo</span> <span class='ocrx_word' id='word_1_252' title='bbox 1409 3863 1460 3912; x_wconf 87' lang='lat' dir='ltr'>est</span> <span class='ocrx_word' id='word_1_253' title='bbox 1476 3849 1518 3913; x_wconf 92' lang='lat' dir='ltr'>de</span> 
     </span>
     <span class='ocr_line' id='line_1_32' title="bbox 412 3946 1515 4012; baseline -0.001 -1"><span class='ocrx_word' id='word_1_254' title='bbox 412 3950 485 4012; x_wconf 94' lang='lat' dir='ltr'>iure</span> <span class='ocrx_word' id='word_1_255' title='bbox 517 3959 550 4011; x_wconf 94' lang='lat' dir='ltr'>et</span> <span class='ocrx_word' id='word_1_256' title='bbox 580 3947 831 4011; x_wconf 89' lang='lat' dir='ltr'>consuetudine</span> <span class='ocrx_word' id='word_1_257' title='bbox 861 3946 1047 4011; x_wconf 85' lang='lat' dir='ltr'>laudabili²</span> <span class='ocrx_word' id='word_1_258' title='bbox 1077 3946 1209 4009; x_wconf 92' lang='lat' dir='ltr'>notorie</span> <span class='ocrx_word' id='word_1_259' title='bbox 1232 3947 1347 4010; x_wconf 92' lang='lat' dir='ltr'>debita</span> <span class='ocrx_word' id='word_1_260' title='bbox 1371 3961 1403 4011; x_wconf 94' lang='lat' dir='ltr'>et</span> <span class='ocrx_word' id='word_1_261' title='bbox 1427 3950 1515 4011; x_wconf 89' lang='lat' dir='ltr'>solui</span> 
     </span>
     <span class='ocr_line' id='line_1_33' title="bbox 409 4045 1517 4131; baseline -0.001 -17"><span class='ocrx_word' id='word_1_262' title='bbox 409 4060 577 4114; x_wconf 90' lang='lat' dir='ltr'>consueta</span> <span class='ocrx_word' id='word_1_263' title='bbox 593 4059 625 4110; x_wconf 94' lang='lat' dir='ltr'>et</span> <span class='ocrx_word' id='word_1_264' title='bbox 643 4067 702 4128; x_wconf 91' lang='lat' dir='ltr'>per</span> <span class='ocrx_word' id='word_1_265' title='bbox 718 4047 856 4110; x_wconf 90' lang='lat' dir='ltr'>eosdem</span> <span class='ocrx_word' id='word_1_266' title='bbox 877 4047 931 4118; x_wconf 78' lang='lat' dir='ltr'>T..</span> <span class='ocrx_word' id='word_1_267' title='bbox 951 4047 995 4130; x_wconf 87' lang='lat' dir='ltr'>J.,</span> <span class='ocrx_word' id='word_1_268' title='bbox 1019 4045 1077 4118; x_wconf 79' lang='lat' dir='ltr'>R..</span> <span class='ocrx_word' id='word_1_269' title='bbox 1099 4046 1156 4122; x_wconf 89' lang='lat' dir='ltr'>R.,</span> <span class='ocrx_word' id='word_1_270' title='bbox 1172 4059 1205 4110; x_wconf 92' lang='lat' dir='ltr'>et</span> <span class='ocrx_word' id='word_1_271' title='bbox 1221 4047 1264 4129; x_wconf 62' lang='lat' dir='ltr'>J„</span> <span class='ocrx_word' id='word_1_272' title='bbox 1284 4048 1343 4130; x_wconf 92' lang='lat' dir='ltr'>qui</span> <span class='ocrx_word' id='word_1_273' title='bbox 1362 4068 1402 4111; x_wconf 81' lang='lat' dir='ltr'>ex</span> <span class='ocrx_word' id='word_1_274' title='bbox 1422 4062 1517 4131; x_wconf 87' lang='lat' dir='ltr'>parte</span> 
     </span>
     <span class='ocr_line' id='line_1_34' title="bbox 410 4146 1517 4229; baseline 0 -16"><span class='ocrx_word' id='word_1_275' title='bbox 410 4148 491 4213; x_wconf 91' lang='lat' dir='ltr'>dicti</span> <span class='ocrx_word' id='word_1_276' title='bbox 509 4146 650 4229; x_wconf 88' lang='lat' dir='ltr'>capituli</span> <span class='ocrx_word' id='word_1_277' title='bbox 668 4167 773 4228; x_wconf 92' lang='lat' dir='ltr'>super</span> <span class='ocrx_word' id='word_1_278' title='bbox 789 4147 968 4210; x_wconf 90' lang='lat' dir='ltr'>solucione</span> <span class='ocrx_word' id='word_1_279' title='bbox 985 4158 1018 4209; x_wconf 94' lang='lat' dir='ltr'>et</span> <span class='ocrx_word' id='word_1_280' title='bbox 1036 4146 1252 4227; x_wconf 90' lang='lat' dir='ltr'>prestacione</span> <span class='ocrx_word' id='word_1_281' title='bbox 1272 4147 1360 4210; x_wconf 89' lang='lat' dir='ltr'>dicte</span> <span class='ocrx_word' id='word_1_282' title='bbox 1384 4148 1517 4213; x_wconf 93' lang='lat' dir='ltr'>decime</span> 
     </span>
     <span class='ocr_line' id='line_1_35' title="bbox 411 4246 1513 4330; baseline -0.002 -18"><span class='ocrx_word' id='word_1_283' title='bbox 411 4267 568 4330; x_wconf 88' lang='lat' dir='ltr'>congrue</span> <span class='ocrx_word' id='word_1_284' title='bbox 597 4246 762 4327; x_wconf 85' lang='lat' dir='ltr'>requisiti,</span> <span class='ocrx_word' id='word_1_285' title='bbox 795 4246 905 4327; x_wconf 88' lang='lat' dir='ltr'>ipsam</span> <span class='ocrx_word' id='word_1_286' title='bbox 936 4246 1106 4309; x_wconf 88' lang='lat' dir='ltr'>decimam</span> <span class='ocrx_word' id='word_1_287' title='bbox 1137 4247 1272 4310; x_wconf 91' lang='lat' dir='ltr'>soluere</span> <span class='ocrx_word' id='word_1_288' title='bbox 1302 4261 1513 4322; x_wconf 88' lang='lat' dir='ltr'>recusarunt,</span> 
     </span>
     <span class='ocr_line' id='line_1_36' title="bbox 411 4345 1518 4429; baseline -0.004 -17"><span class='ocrx_word' id='word_1_289' title='bbox 411 4361 444 4412; x_wconf 92' lang='lat' dir='ltr'>et</span> <span class='ocrx_word' id='word_1_290' title='bbox 462 4346 608 4429; x_wconf 90' lang='lat' dir='ltr'>quilibet</span> <span class='ocrx_word' id='word_1_291' title='bbox 625 4367 743 4409; x_wconf 93' lang='lat' dir='ltr'>eorum</span> <span class='ocrx_word' id='word_1_292' title='bbox 764 4346 890 4410; x_wconf 87' lang='lat' dir='ltr'>iniuste</span> <span class='ocrx_word' id='word_1_293' title='bbox 911 4345 1094 4416; x_wconf 88' lang='lat' dir='ltr'>recusauit,</span> <span class='ocrx_word' id='word_1_294' title='bbox 1117 4345 1267 4409; x_wconf 91' lang='lat' dir='ltr'>indebite</span> <span class='ocrx_word' id='word_1_295' title='bbox 1287 4348 1461 4410; x_wconf 85' lang='lat' dir='ltr'>subtracta</span> <span class='ocrx_word' id='word_1_296' title='bbox 1485 4361 1518 4410; x_wconf 91' lang='lat' dir='ltr'>ct</span> 
     </span>
     <span class='ocr_line' id='line_1_37' title="bbox 413 4444 1516 4530; baseline -0.001 -21"><span class='ocrx_word' id='word_1_297' title='bbox 413 4468 475 4530; x_wconf 91' lang='lat' dir='ltr'>per</span> <span class='ocrx_word' id='word_1_298' title='bbox 509 4445 648 4509; x_wconf 90' lang='lat' dir='ltr'>eosdem</span> <span class='ocrx_word' id='word_1_299' title='bbox 681 4447 819 4509; x_wconf 89' lang='lat' dir='ltr'>detenta</span> <span class='ocrx_word' id='word_1_300' title='bbox 850 4461 882 4509; x_wconf 90' lang='lat' dir='ltr'>et</span> <span class='ocrx_word' id='word_1_301' title='bbox 916 4466 983 4507; x_wconf 87' lang='lat' dir='ltr'>non</span> <span class='ocrx_word' id='word_1_302' title='bbox 1017 4444 1142 4514; x_wconf 86' lang='lat' dir='ltr'>soluta,</span> <span class='ocrx_word' id='word_1_303' title='bbox 1179 4445 1211 4505; x_wconf 92' lang='lat' dir='ltr'>in</span> <span class='ocrx_word' id='word_1_304' title='bbox 1245 4444 1324 4507; x_wconf 91' lang='lat' dir='ltr'>dicti</span> <span class='ocrx_word' id='word_1_305' title='bbox 1366 4444 1516 4527; x_wconf 87' lang='lat' dir='ltr'>Capituli</span> 
     </span>
     <span class='ocr_line' id='line_1_38' title="bbox 414 4543 1124 4628; baseline -0.004 -19"><span class='ocrx_word' id='word_1_306' title='bbox 414 4546 576 4609; x_wconf 90' lang='lat' dir='ltr'>iniuriam</span> <span class='ocrx_word' id='word_1_307' title='bbox 594 4560 626 4609; x_wconf 92' lang='lat' dir='ltr'>et</span> <span class='ocrx_word' id='word_1_308' title='bbox 644 4545 870 4628; x_wconf 88' lang='lat' dir='ltr'>preiudicium</span> <span class='ocrx_word' id='word_1_309' title='bbox 891 4543 1124 4607; x_wconf 86' lang='lat' dir='ltr'>manifestum.</span> 
     </span>
    </p>
   </div>
   <div class='ocr_carea' id='block_1_4' title="bbox 479 4691 1358 4848">
    <p class='ocr_par' dir='ltr' id='par_1_4' title="bbox 479 4691 1358 4848">
     <span class='ocr_line' id='line_1_39' title="bbox 480 4691 1358 4751; baseline -0.003 -9"><span class='ocrx_word' id='word_1_310' title='bbox 480 4701 486 4722; x_wconf 91' lang='lat'>¹</span> <span class='ocrx_word' id='word_1_311' title='bbox 508 4696 563 4743; x_wconf 84' lang='lat' dir='ltr'>MS.</span> <span class='ocrx_word' id='word_1_312' title='bbox 579 4697 628 4743; x_wconf 85' lang='lat' dir='ltr'>bas</span> <span class='ocrx_word' id='word_1_313' title='bbox 643 4700 659 4723; x_wconf 79' lang='lat'>‘⁴</span> <span class='ocrx_word' id='word_1_314' title='bbox 670 4697 695 4743; x_wconf 92' lang='lat' dir='ltr'>in</span> <span class='ocrx_word' id='word_1_315' title='bbox 709 4697 779 4744; x_wconf 82' lang='lat' dir='ltr'>iusta</span> <span class='ocrx_word' id='word_1_316' title='bbox 793 4700 816 4742; x_wconf 76' lang='lat' dir='ltr'>dt</span> <span class='ocrx_word' id='word_1_317' title='bbox 830 4695 871 4743; x_wconf 81' lang='lat' dir='ltr'>v&#39;a</span> <span class='ocrx_word' id='word_1_318' title='bbox 884 4692 1017 4745; x_wconf 73' lang='lat' dir='ltr'>‹lei-irnc,&#39;&#39;</span> <span class='ocrx_word' id='word_1_319' title='bbox 1032 4691 1117 4737; x_wconf 83' lang='lat' dir='ltr'>wlriclr</span> <span class='ocrx_word' id='word_1_320' title='bbox 1131 4692 1209 4751; x_wconf 68' lang='lat' dir='ltr'>gives</span> <span class='ocrx_word' id='word_1_321' title='bbox 1222 4707 1257 4737; x_wconf 88' lang='lat' dir='ltr'>nu</span> <span class='ocrx_word' id='word_1_322' title='bbox 1270 4709 1358 4740; x_wconf 81' lang='lat' dir='ltr'>sense.</span> 
     </span>
     <span class='ocr_line' id='line_1_40' title="bbox 479 4782 942 4848; baseline -0.004 -17"><span class='ocrx_word' id='word_1_323' title='bbox 479 4787 490 4809; x_wconf 82' lang='lat'><em>²</em></span> <span class='ocrx_word' id='word_1_324' title='bbox 509 4784 662 4833; x_wconf 86' lang='lat' dir='ltr'>“laudabili</span> <span class='ocrx_word' id='word_1_325' title='bbox 675 4784 687 4798; x_wconf 84' lang='lat'>&#39;¹</span> <span class='ocrx_word' id='word_1_326' title='bbox 702 4784 831 4848; x_wconf 87' lang='lat' dir='ltr'>repeated</span> <span class='ocrx_word' id='word_1_327' title='bbox 845 4784 870 4830; x_wconf 88' lang='lat' dir='ltr'>in</span> <span class='ocrx_word' id='word_1_328' title='bbox 885 4782 942 4829; x_wconf 79' lang='lat' dir='ltr'>MS.</span> 
     </span>
    </p>
   </div>
   <div class='ocr_carea' id='block_1_5' title="bbox 0 0 1995 5625">
    <p class='ocr_par' dir='ltr' id='par_1_5' title="bbox 0 0 1995 5625">
     <span class='ocr_line' id='line_1_41' title="bbox 0 0 1995 5625; baseline 0 0"><span class='ocrx_word' id='word_1_329' title='bbox 0 0 1995 5625; x_wconf 95' lang='lat' dir='ltr'> </span> 
     </span>
    </p>
   </div>
  </div>
 </body>
</html>
