3950 5625
465 714 528 780 180
748 715 777 780 T
779 732 827 779 un
852 714 1009 779 Iucuav
1032 713 1279 779 Mluusoupr.

270 909 324 986 vno
345 911 437 986 places
463 895 612 959 Thomas
643 896 677 958 in
708 895 809 978 plena
840 894 1051 978 possessione
1279 892 1412 957 notorie
1443 893 1573 958 consti-

270 976 450 1092 ffisaffffissnof
464 1006 572 1075 tutus,
601 998 643 1063 de
671 1019 810 1063 assensu
838 1004 873 1062 et
901 1018 1068 1062 consensu
1096 997 1262 1080 expressis
1291 997 1410 1083 Mag'ri
1439 997 1574 1061 Thome

270 1109 308 1185 ²¹¹9
319 1109 440 1174 chapter
463 1104 601 1188 patroni
628 1104 680 1167 sui
709 1103 853 1187 predicti
881 1107 984 1186 prout
1217 1122 1252 1165 se
1279 1101 1443 1166 vicariam
1471 1122 1574 1166 suam

269 1175 438 1306 atqerpgqqu
463 1229 503 1272 ac
538 1207 670 1272 fructus
706 1207 860 1271 redditus
896 1213 930 1270 et
967 1212 1155 1290 proventus
1191 1205 1343 1269 eiusdem
1379 1226 1500 1270 omnes
1536 1211 1572 1270 et

308 1313 338 1357 to
350 1309 392 1356 his
462 1311 621 1397 singulos,
656 1311 781 1376 nostris
813 1310 1023 1375 ordinacioni
1061 1309 1259 1374 d—-—
1297 1309 1434 1374 decreto
1473 1331 1572 1394 pure,

269 1376 440 1432 ›redecessor,
462 1422 595 1500 sponte,
623 1415 831 1499 simpliciter,
860 1421 894 1478 et
922 1414 1079 1478 absolute
1106 1414 1275 1478 submisit.
1324 1414 1464 1499 Nosque
1491 1416 1572 1479 sub-

461 1520 656 1584 missionem
702 1519 897 1583 huiusmodi
943 1523 1261 1601 accepta--—-
1307 1524 1440 1583 statum
1486 1518 1573 1584 dicti

461 1624 532 1688 d’ni
551 1624 687 1688 Henrici
706 1624 838 1688 nullum
855 1623 924 1687 iam
941 1623 1131 1687 obtinentis
1147 1622 1350 1689 beneficium
1368 1623 1573 1688 ecclesiasti-

461 1750 540 1795 cum
567 1749 627 1793 seu
654 1728 901 1812 patrimonium
928 1726 1020 1791 vnde
1048 1726 1090 1791 de
1117 1732 1230 1791 cetero
1258 1727 1373 1792 viuere

463 1833 655 1897 alimentari
677 1833 813 1896 oculum
835 1832 1050 1896 reuoluentes
1071 1852 1114 1896 ne
1135 1831 1225 1896 idem
1247 1831 1323 1896 d’ns
1345 1831 1516 1896 Henricus
1537 1833 1573 1897 in

463 1937 685 2021 obprobrium
707 1936 834 2000 ordinis
857 1935 1019 1999 clericalis
1043 1935 1148 1999 nimia
1171 1941 1376 2020 paupertate
1396 1973 1573 1982 --

463 2048 614 2127 cogatur.
662 2040 948 2125 Comparentibus
993 2061 1108 2104 coram
1152 2041 1251 2104 nobis
1295 2040 1438 2124 prefatis
1482 2041 1574 2106 d’nis

462 2147 595 2211 Thoma
619 2153 652 2210 et
679 2145 837 2220 Henrico,
864 2144 1065 2229 vocatisque
1090 2145 1123 2208 in
1149 2165 1188 2208 ea
1213 2151 1312 2228 parte
1336 2145 1503 2210 vocandis
1528 2147 1574 2210 ad

462 2250 582 2315 ordina
829 2255 919 2313 certe
963 2249 1133 2332 porcionis
1178 2249 1220 2312 de
1266 2249 1435 2314 fructibus
1480 2250 1574 2316 dicte

461 2355 586 2421 vicarie
608 2354 743 2439 prefato
764 2353 845 2418 d’no
867 2353 1017 2417 Henrico
1033 2352 1269 2428 ministrando,
1289 2355 1517 2437 processimus
1538 2363 1573 2419 et

279 2463 334 2538 anu
349 2463 416 2526 they
462 2459 677 2545 procedimus
722 2459 756 2522 in
803 2459 893 2522 hunc
940 2458 1083 2522 modurn
1129 2464 1163 2522 et
1214 2495 1388 2503 —-——
1433 2460 1574 2524 nomine

268 2543 436 2658 {asysggangsq
462 2565 634 2657 inuocato,
665 2562 735 2626 Nos
764 2562 962 2645 Capitulum
991 2562 1184 2645 predictum
1212 2583 1254 2626 ex
1282 2563 1393 2627 causis
1421 2583 1482 2647 per
1510 2585 1574 2645 nps

293 2662 407 2738 retinng
463 2667 617 2752 superius
652 2666 833 2731 declaratis
867 2673 902 2730 et
937 2666 1014 2749 alijs
1048 2666 1208 2751 legitimis
1243 2687 1305 2730 nos
1339 2668 1572 2745 mouentibus,

286 2742 410 2792 pens10n.
442 2771 673 2864 ordinamus,
707 2770 930 2846 decernimus,
965 2776 999 2834 et
1033 2770 1256 2847 declaramus,
1290 2770 1384 2857 quod
1417 2772 1574 2857 prefatus

465 2877 542 2943 d'ns
561 2876 729 2940 Henricus
748 2896 900 2941 annuam
918 2875 1117 2958 pensionem
1136 2876 1367 2961 quadraginta
1385 2877 1573 2943 solidorum

465 2981 507 3046 de
530 2981 624 3046 dicta
645 2980 773 3044 vicaria
796 3000 836 3044 ac
859 2979 1038 3055 fructibus,
1063 2979 1264 3055 redditibus,
1289 2986 1323 3045 et
1346 2982 1573 3065 prouentibus

465 3085 616 3150 eiusdem
643 3084 809 3169 percipiat
837 3090 871 3147 et
899 3084 1027 3147 habeat
1054 3084 1162 3147 donec
1190 3083 1292 3148 luerit
1320 3092 1499 3168 promotus
1527 3086 1573 3151 ad

464 3189 667 3254 beneficium
704 3193 863 3253 curatum
900 3187 1028 3252 valoris
1065 3187 1182 3252 decem
1220 3188 1384 3253 librarum
1433 3190 1489 3254 vel
1526 3191 1572 3255 ad

464 3294 594 3379 aliquid
615 3293 708 3358 aliud
729 3292 932 3357 beneficium
953 3313 1022 3356 non
1043 3297 1203 3357 curatum
1224 3291 1266 3356 de
1287 3314 1356 3378 quo
1377 3300 1515 3377 reputet
1536 3315 1571 3358 se

463 3404 688 3474 contentum;
714 3396 866 3462 soluend.
894 3397 958 3461 sibi
984 3404 1050 3461 aut
1071 3418 1133 3461 suo
1158 3398 1371 3481 procuratori
1396 3398 1452 3461 vel
1476 3405 1571 3463 certo

393 3542 395 3546 >
462 3509 641 3567 attomato
679 3502 714 3566 in
753 3500 893 3565 ecclesia
932 3500 1119 3585 Collegiata
1157 3500 1312 3584 predicta
1350 3522 1411 3585 per
1447 3523 1571 3568 manus

462 3606 643 3689 Camerarij
675 3604 827 3669 eiusdem
855 3605 993 3669 ecclesie
1020 3604 1080 3689 qui
1108 3625 1170 3689 pro
1199 3610 1353 3689 tempore
1382 3606 1496 3683 luerit,
1526 3607 1571 3672 ad

461 3717 611 3796 quatuor
627 3710 707 3774 anni
724 3709 898 3785 terminos,
916 3708 1075 3773 videlicet
1092 3708 1157 3773 S’ci
1175 3709 1349 3773 Michaelis
1365 3711 1569 3796 archangeli,

462 3815 528 3881 S'ci
555 3815 685 3879 Thome
712 3814 869 3898 Apostoli
897 3820 978 3877 ante
1007 3812 1131 3877 Natale
1161 3813 1252 3889 D'ni,
1281 3815 1570 3881 Annunciacionis

461 3921 562 3984 beate
589 3919 693 3983 Marie
719 3918 877 4003 Virginis
905 3924 940 3981 et
967 3916 1173 3981 Natiuitatis
1199 3917 1246 3981 b’i
1273 3918 1383 4000 Joh’is
1411 3919 1570 4003 Baptiste

461 4045 521 4109 per
551 4023 687 4108 equales
718 4022 903 4106 porciones.
952 4021 1067 4085 Primo
1098 4041 1179 4084 vero
1210 4022 1357 4086 termino
1387 4023 1569 4089 solucionis

461 4128 644 4212 incipiente
665 4127 699 4191 in
722 4125 815 4191 dicto
836 4127 924 4190 festo
947 4125 1013 4189 S’ci
1035 4125 1208 4189 Michaelis
1230 4146 1325 4209 prox.
1349 4126 1468 4191 futuro
1488 4134 1568 4210 post

461 4232 532 4297 dat.
552 4230 774 4316 presencium.
823 4230 935 4313 Quam
953 4228 1093 4313 quidem
1111 4229 1310 4313 pensionem
1328 4230 1370 4294 de
1388 4231 1568 4308 fructibus,

460 4336 660 4410 redditibus
686 4341 720 4398 et
744 4333 969 4418 prouentibus
992 4332 1145 4397 eiusdem
1168 4333 1293 4397 vicarie
1316 4334 1471 4418 predicto
1495 4337 1568 4400 loco

460 4448 494 4506 et
540 4439 694 4504 terminis
739 4437 944 4522 supradictis
990 4437 1072 4502 d’no
1119 4438 1267 4502 Henrico
1308 4439 1489 4503 annuatim
1528 4445 1568 4504 vt

460 4545 629 4630 prefertur
665 4541 810 4606 fideliter
846 4540 1109 4626 persoluendam
1146 4541 1281 4625 prefato
1319 4541 1400 4606 d'no
1438 4543 1568 4608 Thome

460 4648 588 4714 vicario
620 4646 745 4711 vicarie
777 4644 929 4730 predicte
961 4650 997 4708 et
1029 4645 1279 4709 successoribus
1311 4645 1381 4709 suis
1413 4646 1471 4731 qui
1504 4667 1568 4731 pro

462 4760 615 4839 ternpore
636 4749 763 4817 fuerint
783 4750 817 4816 in
839 4749 968 4822 eadem,
990 4748 1106 4833 vigore
1127 4755 1161 4813 et
1182 4749 1311 4816 virtute
1331 4750 1567 4818 submissionis
