3950 5625
842 729 1075 795 cumomni.
1474 728 1516 810 85

404 906 531 988 Joh’ne
563 906 605 970 de
640 907 744 982 Ebor,
781 907 892 971 Rob’o
926 907 1096 992 Dispens’,
1130 908 1244 972 Will’o
1277 909 1516 992 Campanario,

404 1009 519 1074 Will'o
544 1011 701 1086 Aldreth,
729 1010 841 1075 Rob'o
867 1011 909 1075 de
936 1011 1057 1088 Miton‚
1089 1011 1162 1077 Ric.
1190 1012 1402 1096 Carpentar',
1431 1012 1516 1097 Rog.

404 1113 515 1188 fabro
535 1121 570 1179 et
589 1114 708 1180 multis
727 1114 811 1179 aliis

795 1309 883 1389 (129)
912 1306 968 1370 Du
993 1323 1130 1371 nonen.

493 1459 544 1524 Sc.
561 1481 610 1543 pr.
626 1465 661 1523 et
675 1460 740 1524 fut.
755 1459 850 1544 quod
864 1479 926 1544 ego
942 1461 1064 1524 Petrus
1078 1461 1120 1524 de
1135 1461 1162 1524 F
1164 1461 1309 1536 ikelden,
1326 1461 1707 1533 Canonicusc.1223-123.

406 1563 543 1646 Ripon’,
568 1563 657 1638 dedi,
682 1584 777 1628 conc.
802 1570 837 1627 et
861 1564 894 1628 h.
919 1585 952 1647 p.
977 1584 1005 1628 c.
1031 1585 1076 1628 m.
1101 1565 1191 1629 coni.
1218 1565 1290 1628 Ric.
1318 1565 1451 1629 Blunde
1474 1566 1517 1629 de

404 1666 573 1737 Auestia.¹
596 1688 705 1731 vnum
728 1668 857 1731 toftum
886 1687 965 1731 cum
994 1667 1154 1732 domibus
1182 1668 1454 1751 supraedificatis
1483 1669 1517 1733 in

405 1769 650 1855 Staynbrigate
674 1771 708 1835 in
733 1771 816 1835 villa
840 1770 977 1854 Ripon’,
1002 1771 1263 1855 quodquidam
1290 1773 1361 1854 (sic)
1388 1773 1517 1837 toftum

404 1875 470 1937 emi
495 1874 538 1938 de
563 1874 692 1938 Rob'to
716 1874 758 1938 de
783 1874 997 1949 Suthewelle,
1022 1895 1114 1949 coco,
1140 1881 1174 1938 et
1199 1882 1250 1938 est
1275 1876 1364 1940 inter
1388 1877 1518 1940 toftum

404 1978 498 2062 quod
521 1978 588 2042 fuit
610 1977 729 2041 Rob'ti
750 1978 781 2041 le
803 1977 928 2061 Sureys
952 1984 986 2041 et
1011 1979 1141 2043 toftum
1164 1979 1259 2063 quod
1283 1980 1349 2043 fuit
1374 1979 1516 2044 Emaldi

405 2082 521 2166 Discy,
546 2087 616 2146 ten.
642 2088 677 2145 et
700 2083 779 2146 hab.
805 2081 870 2146 eid.
898 2081 970 2146 Ric.
997 2088 1032 2146 et
1056 2083 1125 2146 her.
1150 2104 1176 2147 s
1202 2083 1257 2147 vel
1281 2104 1306 2147 s.
1333 2084 1457 2168 assign.
1483 2084 1516 2148 li.

405 2186 473 2270 qui.
495 2186 597 2269 pacif.
618 2192 653 2249 et
672 2186 814 2270 integre,
835 2185 928 2251 redd.
949 2186 1029 2250 inde
1048 2187 1230 2251 annuatim
1250 2188 1352 2251 michi
1372 2195 1407 2250 et
1426 2208 1516 2251 succ.

405 2310 448 2353 m.
467 2289 503 2354 in
520 2290 695 2373 prebenda
712 2289 826 2372 Ripon
843 2310 910 2373 que
927 2290 1104 2374 quondam
1122 2291 1188 2354 fuit
1205 2290 1295 2354 Will.
1313 2290 1356 2355 de
1372 2291 1517 2365 OrlienS,

406 2393 485 2458 xxd.
506 2393 551 2458 ad
568 2393 655 2458 duos
672 2393 754 2457 anni
772 2399 884 2468 term,
903 2394 984 2493 vid}
1003 2393 1048 2458 ad
1069 2395 1166 2458 Pent.
1183 2394 1240 2458 xd.
1260 2401 1294 2457 et
1313 2395 1357 2458 ad
1376 2395 1398 2458 f.
1419 2395 1451 2458 S.
1472 2395 1516 2459 M.

406 2497 439 2561 in
463 2498 575 2561 hieme
604 2497 673 2572 xd.,
700 2503 735 2561 et
766 2497 801 2561 in
833 2497 996 2562 nundinis
1027 2498 1094 2562 S’ci
1125 2498 1272 2562 Wilfridi
1304 2519 1413 2562 vnum
1443 2519 1518 2562 sex-

406 2602 531 2666 tarium
551 2601 710 2665 cerevisie
731 2621 793 2684 pro
809 2602 902 2665 omni
919 2602 1063 2666 servicio
1080 2622 1193 2666 exacc.
1212 2623 1304 2666 cons.
1323 2609 1357 2665 et
1374 2602 1517 2666 seculari

406 2705 586 2770 demanda.
635 2707 708 2790 Ego
735 2725 817 2769 vero
844 2712 879 2768 et
907 2726 1050 2770 success,
1081 2727 1125 2770 m.
1156 2707 1191 2770 in
1220 2706 1313 2788 pred.
1343 2706 1519 2788 prebenda

406 2809 497 2893 pred.
524 2810 655 2874 toftum
678 2831 758 2874 cum
782 2809 942 2875 domibus
965 2809 1239 2894 supraedificatis
1263 2810 1356 2894 pred.
1384 2811 1456 2875 Ric.
1483 2819 1518 2875 et

406 2914 472 2979 her.
500 2935 526 2978 s,
554 2914 608 2977 vel
635 2915 758 2997 assign.
786 2920 908 2979 contra
933 2935 1051 2979 omnes
1077 2915 1168 2978 hom.
1196 2936 1275 2979 war.
1303 2921 1337 2978 et
1363 2916 1430 2979 def.
1458 2936 1519 2999 per

406 3019 585 3082 servicium
598 3024 837 3083 memoratum.
886 3020 931 3081 Et
945 3025 985 3081 vt
1000 3019 1061 3082 hec
1074 3039 1151 3082 mea
1163 3019 1319 3093 donacio,
1333 3021 1515 3094 concessio,

406 3129 439 3186 et
470 3129 565 3187 carte
600 3123 819 3187 confirmacio
851 3143 944 3206 perp.
978 3124 1083 3186 robur
1117 3124 1298 3206 optineant
1331 3124 1516 3198 firmitatis,

406 3233 598 3309 presentem
610 3232 744 3291 cartam
756 3227 816 3311 sig.
831 3227 898 3289 mei
911 3227 1100 3291 munimine
1118 3228 1287 3291 roboraui.
1337 3227 1380 3291 H.
1396 3234 1421 3291 t.
1436 3227 1518 3291 d'no

407 3329 493 3394 Galf.
516 3330 558 3395 de
579 3330 692 3406 Lard',
714 3330 796 3394 d'no
815 3330 921 3394 Galfr.
944 3331 986 3394 de
1008 3331 1178 3406 Bokland,
1201 3331 1330 3415 Mag’ro
1350 3331 1454 3395 Walt'
1476 3332 1518 3395 de

408 3433 541 3509 Hedon‚
561 3433 643 3498 d'no
662 3433 748 3518 Rog.
769 3434 810 3497 de
828 3434 861 3499 la
880 3435 981 3517 Leye,
1001 3435 1083 3498 d'no
1102 3435 1251 3499 Patricio
1269 3435 1311 3498 de
1330 3435 1516 3518 Westwyk‚

407 3537 486 3602 d'no
522 3538 611 3602 Rob'
648 3537 690 3602 de
725 3538 890 3623 eoygens‚
927 3537 1010 3602 d'no
1046 3538 1119 3602 Ric'
1156 3539 1199 3602 de
1235 3539 1405 3622 Stotvyle,
1442 3539 1516 3604 Ric'

407 3641 590 3725 Capellano
609 3641 651 3706 de
672 3642 813 3706 Kordol'
837 3643 892 3724 (?),
913 3642 1051 3706 Simone
1070 3643 1221 3713 Castlok.
1242 3650 1276 3706 et
1296 3642 1379 3707 aliis

795 3837 882 3918 (130)
910 3835 966 3897 DE
993 3851 1130 3899 eonon.

493 3990 595 4055 Omn.
622 3990 666 4054 ad
690 4009 777 4073 quos
801 4010 850 4073 pr.
877 4009 939 4052 scr.
966 3989 1170 4072 peruenerit,
1196 3988 1306 4071 Capit.
1334 3990 1400 4053 S'ci
1425 3991 1516 4055 Wilf.
1579 3995 1694 4040 01228·

409 4093 544 4177 Ripon',
575 4115 623 4158 sa.
655 4094 690 4157 in
728 4093 828 4157 D'no.
886 4092 1031 4156 Nouerit
1067 4092 1160 4155 vniu.
1198 4100 1314 4157 vestra
1350 4094 1516 4177 Mog’rum

407 4198 534 4261 Will'm
564 4197 606 4260 de
635 4197 779 4273 OrlienS,
811 4197 953 4260 tratrem
983 4202 1017 4259 et
1048 4195 1318 4260 concanonicum
1348 4204 1517 4271 nostrum,

407 4301 483 4365 ded.
511 4323 605 4365 conc.
635 4300 789 4364 Gamello
815 4298 1014 4363 Teudeman
1041 4305 1075 4361 et
1102 4300 1171 4361 her.
1200 4319 1225 4361 s.
1254 4320 1362 4363 vnum
1389 4301 1518 4365 toftum

408 4405 442 4469 in
461 4405 686 4488 Stoynbrigat
704 4404 798 4488 quod
817 4404 906 4466 iacet
924 4402 1014 4465 inter
1031 4401 1161 4464 toftum
1187 4402 1249 4482 (41)
1270 4401 1374 4466 Walt’
1395 4402 1520 4485 Sureys
1581 4395 1690 4509 {iayss'

409 4514 443 4571 et
467 4509 596 4572 toftum
621 4507 751 4571 Emald
775 4507 818 4570 de
842 4504 943 4566 Disce
967 4503 1012 4567 ad
1036 4504 1129 4583 preb.
1155 4521 1253 4565 suam
1277 4502 1519 4586 pertinentem,
1625 4476 1688 4521 gae

409 4612 546 4676 tenend.
570 4611 613 4674 de
635 4611 692 4674 illo
714 4616 748 4672 et
770 4610 812 4673 de
834 4625 924 4669 succ,
945 4598 973 4669 s.
997 4604 1091 4667 dicto
1112 4602 1267 4668 Gamello
1288 4611 1322 4667 et
1345 4604 1414 4669 her.
1438 4627 1463 4671 s.
1487 4609 1521 4674 li.

481 4813 488 4835 ¹
509 4808 635 4871 Reading
649 4805 790 4855 doubtful.
