3950 5625
767 713 859 778 Acis
882 731 928 778 oe
951 713 1130 779 Crimen.
1442 734 1502 798 105

395 897 620 962 existencium
657 894 691 958 in
729 893 840 957 forma
876 893 1136 957 constitucionis
1173 915 1275 978 super
1311 896 1375 959 boc
1412 896 1503 960 edite

395 1002 630 1076 concedentes
653 999 750 1063 salua
770 997 868 1062 nobis
890 1003 1064 1080 potestate
1086 998 1161 1081 alijs
1183 1021 1273 1064 exec.
1297 1000 1366 1063 suis
1388 1001 1503 1065 huius-

396 1106 488 1171 modi
508 1103 845 1170 administracionem
865 1102 1105 1166 committendi
1125 1125 1204 1168 cum
1224 1125 1300 1168 eam
1320 1105 1503 1169 admittere

396 1210 577 1275 voluerint.
627 1209 667 1272 In
705 1229 732 1272 c.
773 1227 798 1270 r.
840 1213 863 1270 t.
903 1207 962 1291 sig.
1003 1213 1160 1272 nostrum
1198 1209 1414 1292 presentibus
1451 1216 1502 1274 est

394 1335 594 1399 appensum.
643 1315 723 1376 Dat.
746 1311 905 1375 Dunelm.
926 1311 980 1375 die
999 1317 1034 1375 et
1054 1332 1144 1376 anno
1163 1313 1378 1397 supradictis

440 1480 527 1562 (166)
553 1480 764 1543 Bacmnmc
785 1494 830 1542 or
852 1477 952 1541 Wrm
973 1495 1018 1541 oe
1039 1477 1122 1559 Jon.
1147 1495 1195 1541 os
1217 1479 1455 1543 chaanuno.

483 1623 523 1686 In
551 1621 614 1685 Dei
641 1620 789 1694 nomine,
817 1619 937 1683 Amen.
986 1619 1061 1681 xixo
1087 1619 1141 1683 die
1167 1621 1292 1684 mensis
1320 1622 1498 1685 Decembr.

395 1728 494 1791 Anno
522 1725 603 1791 D’ni
631 1724 809 1788 Millesimo
835 1735 933 1787 ccc¹¹¹0
959 1722 1091 1808 Nonog.
1120 1730 1255 1799 octauo,
1284 1726 1357 1810 Ego
1384 1726 1501 1808 Joh’es

395 1831 436 1895 de
459 1829 686 1904 Richemund‚
709 1848 850 1912 compos
871 1828 1007 1902 mentis
1031 1828 1151 1891 videns
1173 1830 1292 1893 mortis
1315 1831 1503 1913 periculum

298 1945 301 1949 '
395 1935 496 1999 michi
511 1934 661 2008 iminere,
677 1933 788 1997 condo
803 1938 1052 1996 testamentum
1067 1953 1182 1997 meum
1196 1933 1231 1997 in
1246 1934 1336 1998 hunc
1350 1935 1502 1999 modum.

396 2040 434 2104 In
462 2039 581 2124 primis
608 2038 682 2122 lego
710 2037 862 2101 animam
889 2057 1003 2100 meam
1032 2037 1105 2100 Deo
1133 2038 1374 2121 omnipotenti,
1404 2040 1505 2103 beate

394 2140 501 2208 Marie'
521 2143 655 2228 virgini,
681 2148 715 2206 et
740 2141 899 2206 omnibus
922 2141 1051 2205 sanctis
1075 2141 1157 2216 eine,
1184 2148 1218 2206 et
1242 2163 1365 2226 corpus
1389 2164 1504 2208 meum

393 2248 436 2312 ad
455 2247 689 2332 sepeliendum
710 2246 744 2310 in
766 2245 940 2309 Cimiterio
960 2245 1098 2310 ecclesie
1119 2246 1213 2310 beati
1235 2247 1326 2311 Petri
1347 2247 1504 2331 Apostoli

395 2352 530 2436 Ripon',
552 2357 586 2415 et
607 2351 681 2433 lego
702 2369 829 2434 equum
851 2370 965 2413 meum
986 2370 1048 2433 pro
1068 2351 1258 2415 mortuario
1279 2372 1365 2416 meo.
1415 2352 1504 2416 Item

393 2456 465 2542 lego
492 2455 705 2520 fraternitati
730 2455 824 2518 beati
851 2454 998 2526 Willridi
1025 2454 1150 2538 Ripon'
1178 2455 1242 2539 vjs.
1270 2456 1366 2540 viijd.
1416 2457 1505 2521 ltem

392 2561 465 2646 lego
484 2581 547 2645 pro
566 2560 707 2624 decimis
726 2559 811 2623 meis
834 2559 901 2641 (lest
920 2559 1135 2642 unfinislred).

749 2725 836 2809 (167)
865 2726 1151 2791 Mauormnouu.

479 2868 741 2934 Memorandum
758 2868 853 2953 quod
871 2868 926 2933 die
944 2868 1062 2932 Sancti
1081 2868 1227 2944 Andree,
1247 2868 1348 2934 Anno
1365 2870 1505 2934 Domini

377 2974 570 3039 ·Millesimo
593 3025 598 3038 .
623 3025 629 3038 .
654 2990 675 3037 ‚¹
697 2971 848 3057 quedam
867 2973 1051 3037 concordia
1071 2973 1160 3037 inter
1182 3025 1188 3038 .
1212 3025 1218 3037 .
1243 3026 1249 3038 .
1271 2995 1379 3058 nuper
1399 2975 1503 3042 vicar.

393 3079 529 3143 ecclesie
561 3078 665 3163 Colig.
701 3077 826 3162 Ripon’
860 3083 893 3141 et
929 3129 935 3142 .
971 3129 977 3141 .
1015 3129 1021 3141 .
1055 3099 1146 3142 nunc
1179 3078 1345 3143 vicarium
1378 3078 1505 3144 ibidem

393 3182 623 3247 intitulatur.
652 3234 658 3246 .
687 3234 692 3246 .
718 3182 753 3247 in
777 3182 840 3245 hec
864 3183 969 3246 verba
993 3202 1073 3246 cum
1097 3203 1139 3246 ex
1165 3234 1172 3247 .
1200 3234 1205 3247 .
1234 3234 1240 3247 .
1267 3183 1403 3247 ecclesie
1429 3235 1435 3247 .
1464 3235 1470 3248 .
1498 3235 1504 3248 .

392 3308 590 3352 concessum
613 3293 664 3350 est
689 3338 694 3351 .
721 3338 727 3350 .
754 3338 760 3351 .
784 3306 894 3370 nuper
916 3286 1021 3350 vicar.
1046 3287 1229 3351 eiusdem.
1256 3339 1262 3352 .
1289 3339 1295 3352 .
1319 3288 1506 3372 quemdam

393 3412 547 3457 annuum
574 3391 778 3455 redditum.
804 3442 810 3455 .
836 3442 843 3455 .
867 3391 1048 3455 annuatim
1076 3391 1336 3476 percipiendum
1362 3392 1407 3456 ad
1428 3392 1506 3475 iiij0r

393 3496 473 3561 anni
501 3496 665 3560 terminos
691 3495 838 3559 durante
864 3494 939 3559 vita
965 3494 1117 3560 eiusdem
1146 3548 1152 3560 .
1182 3548 1188 3560 .
1219 3548 1225 3560 .
1254 3496 1504 3561 Nichilominus

393 3599 505 3665 dictus
522 3651 528 3664 .
547 3651 554 3664 .
574 3651 580 3665 .
597 3599 754 3664 concedit
769 3620 811 3662 ex
826 3599 965 3683 propria
979 3599 1162 3664 voluntate
1176 3622 1239 3665 sua
1253 3599 1347 3665 dicto
1363 3601 1501 3685 Hugoni

393 3704 581 3789 quemlibet
616 3704 802 3768 terminum
837 3703 906 3767 xld.
940 3723 1045 3787 quam
1081 3704 1140 3769 diu
1173 3704 1286 3769 dictus
1323 3757 1329 3770 .
1368 3757 1375 3769 .
1414 3757 1420 3770 .
1457 3706 1502 3769 sit

393 3809 525 3874 locatus
542 3809 586 3873 ad
602 3808 720 3873 diuina
735 3807 927 3872 celebrand.
946 3814 980 3871 et
996 3829 1065 3873 non
1083 3809 1240 3885 vicarius,
1258 3810 1317 3873 sed
1333 3810 1504 3875 remaniat

394 3912 438 3978 ad
456 3912 658 3998 pencionem
676 3933 775 3977 suam
794 3912 1041 3995 supradictam.

394 4077 434 4156 48
453 4097 484 4142 v.
530 4080 617 4163 (168)
633 4080 909 4144 Tnsmuauaun
923 4080 1099 4145 Mamsrru
1115 4080 1234 4163 Jon'rs
1248 4098 1296 4144 oa
1309 4081 1506 4145 cananum

438 4188 628 4252 canorum.
1263 4215 1265 4218 ·

483 4329 607 4394 Pateat
637 4326 803 4391 vniuersis
833 4347 893 4410 per
922 4332 1097 4410 presentes
1126 4327 1219 4411 quod
1250 4348 1311 4412 ego
1341 4327 1503 4412 Magister

396 4433 513 4516 Joh’es
541 4431 584 4496 de
611 4430 781 4506 Crakball
807 4429 998 4494 Canonicus
1026 4430 1105 4494 eccl.
1132 4431 1268 4514 Rypon'
1298 4437 1333 4496 et
1360 4433 1502 4515 preben-
1562 4436 1567 4449 ⁴
1624 4440 1668 4452 ··

397 4537 512 4602 darius
527 4534 699 4621 prebende
715 4533 757 4599 de
775 4534 995 4618 Staynewegs
1011 4534 1046 4597 in
1063 4534 1183 4599 eadem
1199 4535 1278 4599 dedi
1299 4540 1333 4600 et
1353 4535 1504 4600 concessi

397 4641 511 4706 omnia
553 4641 645 4704 bona
688 4644 722 4703 et
765 4638 891 4702 catalla
934 4659 1011 4702 mea
1054 4639 1195 4703 mobilia
1238 4645 1272 4702 et
1315 4639 1505 4704 immobilia

468 4824 475 4847 ¹
494 4816 582 4866 These
595 4816 660 4865 dots
672 4818 814 4879 represent
827 4827 950 4863 erasures
963 4812 993 4861 of
1005 4826 1057 4861 one
1071 4817 1101 4861 to
1114 4813 1191 4861 three
1204 4828 1234 4862 or
1247 4814 1310 4863 tour
1322 4816 1419 4864 words.
