3950 5625
503 713 567 797 276
788 714 867 778 Tne
893 714 1048 778 Iuorissu
1073 713 1320 776 Manuscmer.

506 893 748 957 admissionem
775 893 976 957 canonicam
1005 892 1075 957 d'ni
1103 891 1272 974 Johannis
1300 889 1399 965 Wall,
1428 888 1619 972 Capellani,

304 996 479 1071 suchantry-
507 997 734 1081 Commissarij
766 998 884 1073 nostri,
914 996 1143 1062 admittendi¹
1174 995 1218 1059 ad
1242 995 1394 1079 aliquam
1417 993 1622 1057 Cantariam

302 1067 483 1191 iffipi'aiit.
508 1108 710 1184 perpetuam
734 1102 768 1165 in
791 1101 884 1165 dicta
908 1101 1060 1165 Ecclesia
1082 1105 1201 1164 nostra
1223 1098 1409 1182 Collegiata
1431 1097 1621 1161 fundatam

292 1209 363 1310 iffi
374 1196 492 1309 ῗξίῑξῖζῒ·
509 1206 756 1289 imposterum²
789 1212 1003 1282 vacaturam,
1029 1205 1057 1267 si
1089 1203 1133 1267 ad
1166 1203 1317 1287 aliquam
1350 1201 1537 1266 earundem
1570 1201 1622 1266 sic

311 1333 361 1376 not
375 1333 405 1376 to
417 1342 476 1391 pre·
509 1315 692 1373 vacantem
727 1309 839 1393 ipsum
874 1310 969 1374 d‘nm
1004 1309 1141 1392 Joh’em
1175 1308 1263 1373 Wall
1297 1308 1331 1372 in
1366 1307 1523 1371 futurum
1557 1325 1623 1390 per

294 1395 458 1509 adluessgisse
466 1461 496 1509 or
509 1432 761 1497 quemcumque
774 1433 832 1477 seu
845 1434 1080 1497 quoscumque
1094 1413 1157 1495 Jus
1170 1411 1390 1500 presentandi
1402 1409 1620 1484 nominandi,

323 1527 373 1575 Mr.
391 1528 464 1591 John
509 1518 722 1602 prouidendi,
736 1538 795 1581 seu
809 1517 1003 1601 assignandi
1017 1517 1060 1581 ad
1074 1519 1183 1601 ipsam
1196 1517 1417 1581 Cantariam3
1430 1515 1623 1579 habentem

354 1594 433 1643 wau.
509 1643 569 1687 seu
592 1623 758 1686 habentes
780 1623 1069 1707 quandocumque
1091 1628 1126 1685 et
1148 1621 1458 1706 quocienscumque
1480 1639 1622 1703 presen-

509 1727 586 1803 tari,
616 1728 795 1802 nominari,
825 1727 1007 1811 prouideri,
1038 1727 1091 1790 vel
1120 1726 1283 1810 assignari
1311 1723 1520 1809 contigerit,4
1548 1744 1622 1788 non

509 1834 671 1896 obstante
700 1832 836 1896 defectu
865 1832 937 1896 eius
966 1831 1144 1895 insciencie
1173 1831 1207 1895 in
1236 1829 1351 1914 aliquo
1378 1834 1496 1904 cantu,
1535 1829 1623 1914 quia

302 1934 494 2010 superuniaczjo
509 1937 669 2022 quamuis
692 1937 722 2000 ei
745 1937 832 2000 desit
857 1936 1002 2000 sciencia
1025 1935 1174 2019 perfecte
1197 1941 1231 1998 et
1255 1934 1416 1997 distincte
1438 1934 1620 2009 cantandi,

293 2002 495 2130 {ireiiffliiii'
510 2048 627 2105 tamen
643 2047 843 2124 reputamus
858 2040 929 2104 eius
944 2040 1185 2104 discrecionem
1201 2045 1235 2102 et
1251 2040 1377 2102 bonam
1392 2038 1522 2101 famam
1538 2059 1622 2103 cum

306 2135 357 2250 ''fx‘'
368 2135 477 2262 my
510 2145 586 2229 alijs
625 2145 813 2209 virtutibus
852 2145 988 2229 quibus,
1031 2145 1104 2208 Deo
1143 2143 1258 2217 dante,
1300 2142 1464 2217 induitur,
1505 2143 1622 2225 ipsam

294 2268 376 2317 scribe
392 2269 493 2382 preclua·
509 2249 674 2313 virtutem
693 2248 856 2312 cantandi
875 2248 1034 2312 deentem
1053 2247 1236 2332 suppletas

317 2335 338 2384 ri
351 2335 442 2397 capitu
453 2335 472 2383 i.

294 2425 338 2473 No
348 2426 453 2474 deacon
464 2429 495 2473 to
599 2416 661 2501 (97)
702 2415 800 2490 Item,
831 2420 1005 2479 statutum
1034 2420 1085 2478 est
1114 2414 1208 2498 quod
1237 2413 1349 2477 nullus
1378 2413 1545 2477 diaconus
1575 2413 1622 2478 ad

299 2491 485 2606 bqfiqrpgpgd
509 2520 649 2604 aliquod
668 2519 808 2583 stallum
828 2519 1031 2583 diaconatus
1051 2518 1150 2602 officij
1173 2519 1207 2582 in
1227 2518 1337 2582 Choro
1357 2518 1447 2581 dicte
1467 2518 1622 2600 Ecclesie

292 2624 453 2701 knoqleoge
466 2624 495 2673 0f
509 2624 551 2687 de
588 2629 701 2688 cetero
739 2623 967 2707 quouismodo
1006 2623 1214 2687 admittatur
1250 2622 1315 2686 nisi
1352 2622 1416 2686 scit
1454 2622 1622 2689 distincte

310 2691 475 2822 aliiffigff.
508 2732 648 2791 cantare
681 2733 822 2791 cantum
854 2726 996 2810 planum
1023 2732 1057 2789 et
1083 2726 1190 2790 eciam
1216 2726 1374 2800 fractum,
1401 2716 1466 2790 viz}
1494 2728 1621 2810 pryke-

353 2839 429 2889 50118·
506 2834 637 2914 sange.⁶

293 2971 337 3019 No
359 2971 494 3047 thuribter
597 2972 697 3047 ltem,
719 2972 813 3056 quod
834 2973 947 3037 nullus
968 2971 1228 3036 Thuribularius
1248 2973 1375 3036 ibidem
1396 2972 1620 3049 admittatur,

316 3039 469 3168 piiissssii}
509 3073 573 3139 nisi
592 3076 655 3139 scit
675 3076 836 3140 distincte
854 3084 995 3141 cantare
1013 3083 1155 3141 cantum
1174 3077 1326 3160 planum.

318 3221 471 3271 Choristers
599 3218 688 3281 Item
711 3218 753 3281 de
777 3218 982 3282 admissione
1006 3218 1240 3283 Choristarum
1263 3219 1298 3284 in
1321 3219 1441 3283 eadem
1465 3219 1620 3284 Ecclesia

294 3289 440 3352 according
466 3294 496 3338 to
549 3321 554 3331 ·
585 3321 590 3332 ·
936 3323 941 3333 .
1265 3324 1271 3334 .
1569 3327 1574 3337 .

296 3355 494 3419 formerusage‚
510 3327 834 3397 ministraturorum
870 3322 1069 3386 ordinamus
1103 3329 1137 3386 et
1171 3323 1352 3388 definimus
1386 3330 1488 3407 prout
1523 3346 1620 3409 pnus

510 3427 708 3491 ordinatum
727 3433 789 3502 est,
810 3434 844 3490 et
864 3428 971 3491 eciam
991 3448 1033 3491 ex
1053 3428 1197 3511 antiquo
1216 3427 1394 3492 vsitatum.

324 3561 467 3692 ἑξέὃῐξῑζο
600 3568 688 3632 Item
703 3574 876 3633 statutum
892 3575 942 3632 est
958 3570 993 3633 in
1009 3570 1075 3633 ista
1090 3568 1346 3633 Conuocacione
1359 3570 1508 3654 generali
1522 3572 1618 3655 quod

313 3695 385 3744 have
400 3697 478 3746 stans
510 3678 603 3735 certa
620 3672 721 3736 stalla
741 3678 907 3756 perpetua
924 3672 1143 3756 assignantur
1161 3673 1195 3737 in
1215 3673 1325 3738 Choro
1344 3673 1481 3738 ecclesie
1499 3681 1618 3740 nostre

312 3763 484 3886 ffigffissetffiatss
511 3775 633 3860 Colleg.
672 3776 795 3858 Ripon'
833 3775 1024 3859 Capellanis
1059 3777 1232 3860 perpetuis
1267 3776 1506 3842 Cantariarum
1541 3799 1617 3862 per-

321 3896 388 3943 each
403 3910 468 3959 may
510 3886 693 3963 petuarum
726 3880 760 3944 in
794 3881 914 3944 eadem
948 3881 1099 3945 Ecclesia
1132 3882 1367 3957 fundatarum,
1402 3888 1436 3945 et
1468 3882 1616 3966 quilibet

322 3961 461 4078 kngae‘nlss
509 3982 712 4067 Capelianus
741 3990 926 4068 perpetuus
956 3985 1151 4050 huiusmodi
1182 3986 1420 4051 Cantariamm
1450 3993 1615 4070 agnoscat

577 4188 584 4210 ¹
607 4182 798 4231 “admittendi
809 4185 823 4203 ''
838 4185 956 4232 omitted
971 4184 1007 4233 fo.
1022 4186 1056 4245 96
1069 4200 1096 4233 v.

575 4280 585 4302 ²
606 4276 801 4338 “inposterum
812 4276 826 4293 ’⁸
842 4274 878 4323 fo.
892 4276 928 4335 96
940 4291 967 4324 v.

575 4372 584 4401 ³
602 4367 656 4414 For
672 4374 686 4389 ‘¹
696 4367 856 4415 Cantariam
867 4368 881 4385 ''
898 4367 933 4415 fo.
948 4369 982 4427 96
996 4383 1022 4415 ν.
1038 4368 1087 4416 has
1104 4375 1166 4416 “sic
1179 4369 1356 4417 vacantem.”

573 4461 583 4492 ⁴
602 4458 677 4505 Next
693 4457 798 4505 follows
814 4458 841 4504 in
858 4458 894 4505 fo.
911 4459 945 4516 96
961 4472 998 4513 ν.,
1018 4464 1032 4479 “
1042 4459 1171 4520 quamuis
1187 4459 1210 4506 ei
1227 4460 1298 4506 (lesit
1314 4458 1431 4506 sciencia
1446 4458 1569 4520 perfecte
1584 4464 1612 4507 et

501 4535 632 4584 distincte
645 4536 786 4589 cantandi,
801 4536 867 4598 quia
881 4538 1071 4599 reputamus,’'
1086 4543 1138 4585 etc.

572 4633 581 4663 ⁵
602 4630 633 4676 In
648 4629 695 4677 the
709 4629 790 4676 lower
804 4628 910 4690 margin
924 4628 953 4675 ol
966 4628 1002 4677 f0.
1017 4630 1052 4682 96
1064 4646 1091 4677 ν.
1106 4630 1128 4677 is
1140 4631 1187 4678 the
1200 4635 1266 4678 note
1281 4635 1295 4652 ‘⁴
1308 4629 1444 4677 admissio
1454 4630 1511 4677 d'ni
1521 4630 1611 4692 Joh'is

501 4710 571 4761 Wall
586 4710 620 4757 ad
635 4709 795 4759 Cantariam
810 4707 869 4754 S'ce
883 4706 1027 4756 Trinitatis
1041 4709 1069 4755 in
1082 4709 1148 4756 naui
1163 4709 1283 4756 Ecclesie
1296 4708 1472 4757 lirndatam.''

570 4806 580 4834 ⁶
600 4805 649 4852 See
662 4816 688 4867 p.
705 4814 764 4861 275,
779 4803 845 4846 note
864 4813 883 4847 1.
