3950 5625
485 741 548 824 196
768 743 847 807 Tus
872 744 1028 807 Iuoriav
1053 741 1301 825 Mnuuscmrr.

485 920 589 1003 Joh’i,
620 921 713 1006 quod
743 922 805 1006 ipsi
831 921 1009 1006 quandam
1039 919 1236 985 Cantariam
1262 918 1304 984 de
1326 940 1396 984 vno
1417 918 1593 1004 capellano

485 1023 603 1090 diuina
627 1026 767 1111 singulis
792 1026 912 1090 diebus
937 1025 981 1090 ad
1007 1025 1115 1090 altare
1140 1025 1205 1088 S'ci
1230 1024 1360 1088 Thome
1386 1023 1537 1088 Martiris
1560 1024 1594 1087 in

486 1130 564 1194 eccl.
602 1130 755 1214 predicta
786 1131 821 1194 in
851 1131 979 1195 honore
1011 1130 1076 1195 S'ci
1107 1129 1254 1194 Wiliridi
1284 1129 1498 1192 celebraturo
1534 1128 1595 1192 im-

486 1240 692 1318 perpetuum
714 1235 813 1299 iuxta
835 1235 1090 1299 ordinacionem
1113 1235 1264 1318 ipsomm
1286 1232 1338 1298 W.
1364 1233 1396 1316 J.
1420 1232 1458 1296 T.
1483 1231 1517 1315 J.
1541 1232 1594 1297 W.

487 1337 538 1402 W.
566 1338 617 1402 W.
645 1345 678 1403 et
705 1338 737 1421 J.
763 1339 798 1403 in
824 1339 887 1403 hac
912 1345 1011 1422 parte
1036 1338 1229 1402 faciendam
1253 1337 1296 1401 de
1320 1357 1412 1401 nouo
1437 1335 1594 1412 fundare,

291 1426 455 1542 :issignaapt
487 1441 607 1517 facere,
637 1443 803 1518 ordinare,
833 1449 868 1506 et
895 1442 1058 1518 stabilire,
1087 1463 1219 1507 necnon
1247 1447 1380 1531 septem
1408 1441 1594 1526 mesuagia,

301 1507 448 1609 iiiiiilia
487 1552 637 1631 quatuor
656 1547 813 1622 bouatas,
835 1553 870 1610 et
891 1547 1033 1631 triginta
1053 1553 1086 1610 et
1107 1567 1232 1611 nouem
1252 1566 1348 1610 acras
1368 1552 1467 1621 terre,
1487 1566 1596 1610 vnam

282 1627 460 1741 “TJZJJZJY'
487 1670 602 1714 acram
632 1643 733 1736 prati,
766 1657 801 1715 et
832 1651 917 1715 duas
949 1672 1045 1715 acras
1075 1650 1167 1714 bosci
1199 1671 1277 1715 cum
1308 1648 1530 1734 pertinencijs
1561 1650 1596 1714 in

285 1708 453 1836 spiafiqatur
488 1753 690 1838 Bishopton,
731 1755 930 1839 Grantelay‚
970 1754 1231 1838 Ouerstodelay,
1273 1754 1424 1829 Skelton,
1467 1754 1595 1838 Thorp,

310 1827 433 1887 'mmm'
487 1857 799 1944 Northotryngton,
816 1866 850 1923 et
866 1859 1082 1943 Ingerthorp
1097 1879 1164 1944 que
1179 1858 1221 1922 de
1235 1859 1334 1922 nobis
1348 1879 1417 1922 non
1432 1864 1597 1923 tenentur

486 1968 526 2026 vt
551 1962 686 2039 dicitur,
713 1963 890 2047 capellano
914 1963 1068 2027 cantarie
1093 1963 1245 2048 predicte
1270 1983 1348 2027 cum
1374 1963 1421 2027 sic
1447 1963 1596 2028 fundata

486 2067 589 2131 iuerit
624 2068 705 2131 dare
739 2075 774 2132 et
810 2068 980 2152 assignare
1016 2068 1171 2151 possint;
1211 2067 1370 2131 Habend.
1407 2069 1595 2153 mesuagia,

485 2178 622 2248 terram,
648 2179 788 2256 pratum
813 2179 846 2236 et
871 2174 1015 2236 boscum
1039 2171 1193 2255 predicta
1217 2172 1327 2235 eidem
1351 2171 1538 2256 Capellano
1561 2179 1596 2237 et

485 2277 734 2341 successoribus
756 2278 826 2341 suis
849 2276 1041 2360 Capellanis
1063 2276 1222 2340 Cantarie
1244 2276 1396 2359 predicte
1419 2276 1539 2341 divina
1561 2278 1595 2341 in

485 2380 624 2445 ecclesia
650 2381 805 2464 predicta
831 2382 875 2445 ad
902 2380 1011 2445 altare
1037 2380 1230 2464 predictum
1256 2386 1296 2443 vt
1322 2380 1517 2463 predictum
1544 2389 1595 2446 est

484 2484 715 2560 celebraturis,
733 2485 768 2549 in
786 2485 952 2549 auxilium
968 2485 1233 2549 sustentacionis
1249 2505 1308 2548 sue
1325 2485 1359 2549 in
1376 2492 1594 2569 perpetuum,

300 2583 439 2634 Habuaas
485 2588 639 2673 acquod
662 2589 753 2652 idem
776 2589 978 2672 Capelianus
998 2595 1032 2653 et
1052 2609 1261 2653 successores
1283 2589 1335 2653 sui
1357 2589 1503 2673 predicti
1527 2591 1596 2655 sint

283 2656 306 2698 ei
323 2652 458 2714 capacitas
728 2694 733 2706 .
1215 2693 1220 2704 .
1469 2693 1475 2707 .
1507 2695 1513 2706 .

299 2718 442 2780 Capenam
484 2712 626 2776 persone
654 2694 785 2757 habiles
813 2700 846 2757 et
874 2714 1017 2777 capaces
1045 2694 1090 2758 ad
1118 2691 1318 2777 adquirend.
1348 2700 1382 2757 et
1411 2695 1593 2779 recipiend.

288 2784 451 2836 auiusCan-
485 2802 603 2873 terras
645 2804 853 2874 tenementa‚
895 2804 929 2862 et
969 2797 1125 2862 redditus
1165 2820 1204 2862 ae
1244 2797 1328 2862 alias
1367 2799 1596 2882 possessiones

332 2856 406 2901 ‘W'
484 2922 719 2987 quascumque
732 2903 796 2966 sibi
810 2909 843 2966 et
857 2903 1109 2967 successoribus
1122 2903 1192 2966 suis
1206 2903 1368 2986 predictis
1380 2904 1414 2967 in
1428 2905 1595 2970 auxilium

485 3007 749 3070 sustentacionis
767 3027 826 3071 sue
846 3007 998 3090 predicte
1015 3008 1279 3090 imperpetuum,
1295 3028 1427 3072 necnon
1444 3009 1594 3073 eisdem1
1636 3077 1640 3083 ,

469 3110 608 3186 ·Will’0‚
635 3111 739 3194 Joh’i‚
765 3111 803 3176 T.
831 3111 863 3194 J.
891 3112 942 3175 W.
970 3111 1022 3175 W.
1049 3112 1101 3175 W.
1128 3118 1162 3175 et
1188 3111 1291 3194 Joh’i,
1318 3112 1412 3195 quod
1436 3113 1502 3196 ipsi
1527 3114 1595 3179 duo

288 3220 449 3286 assignato
484 3215 668 3300 mesuagia,
688 3236 747 3280 sex
767 3236 863 3279 aeras
882 3221 980 3290 terre,
1002 3221 1070 3279 tres
1090 3235 1185 3279 acras
1204 3216 1305 3298 prati,
1327 3222 1360 3280 et
1380 3216 1500 3282 decem
1518 3219 1595 3282 soli-

287 3294 416 3341 terrarum
430 3296 453 3339 et
697 3320 702 3331 ·
981 3320 986 3330 .
1081 3320 1100 3330 ..
1147 3319 1152 3330 .
1239 3320 1244 3330 .
1570 3323 1576 3335 .

284 3356 402 3408 redditas
419 3358 458 3407 vi·
485 3320 586 3383 datas
610 3320 774 3395 redditus
798 3341 877 3384 cum
901 3326 1121 3403 pertinencrjs
1144 3341 1179 3383 m
1203 3319 1317 3402 Rrpon
1340 3341 1407 3405 que
1430 3320 1473 3385 de
1497 3324 1595 3387 nobis

284 3438 367 3498 cums
386 3425 458 3501 cion
487 3424 641 3487 similiter
658 3445 726 3488 non
745 3430 906 3488 tenentur
923 3430 962 3487 vt
980 3424 1106 3488 dicitur
1123 3424 1203 3487 dare
1221 3425 1352 3507 possint
1371 3431 1405 3488 et
1423 3426 1594 3511 assignare

310 3493 436 3609 {fimi
489 3527 627 3611 vicarijs
654 3528 791 3591 ecclesie
818 3528 969 3611 predicte
997 3528 1143 3592 habend.
1173 3534 1207 3591 et
1234 3528 1440 3612 percipiend.
1469 3530 1535 3594 sibi
1561 3537 1595 3595 et

290 3626 460 3686 fundacione.
489 3632 738 3696 successoribus
763 3632 833 3696 suis
858 3632 892 3696 in
919 3632 1085 3696 auxilium
1110 3633 1374 3697 sustentacionis
1399 3654 1459 3698 sue
1485 3656 1526 3699 ac
1552 3635 1594 3699 ad

488 3736 638 3819 quedam
676 3756 779 3800 onera
816 3742 851 3799 et
889 3736 1029 3820 pietatis
1065 3756 1168 3819 opera
1206 3736 1304 3800 iuxta
1341 3737 1594 3803 ordinacionem

488 3839 673 3903 eorundem
687 3840 739 3905 W.
754 3840 787 3923 J.
802 3840 839 3904 T.
856 3840 888 3923 J.
903 3839 955 3905 W.
971 3840 1023 3904 W.
1038 3840 1091 3904 W.
1106 3846 1140 3903 et
1154 3840 1186 3923 J.
1201 3839 1236 3904 in
1250 3841 1314 3905 hac
1326 3847 1425 3925 parte
1438 3842 1594 3908 iacienda

487 3944 722 4027 supportenda
753 3944 1018 4027 imperpetuum,
1050 3964 1090 4008 ac
1120 3944 1255 4027 prefato
1286 3945 1471 4029 Capeliano
1501 3948 1593 4033 quod

488 4048 559 4132 ipse
590 4055 722 4131 septem
754 4049 927 4134 mesuagia
958 4055 1110 4133 quatuor
1140 4050 1287 4113 bouatas
1319 4056 1353 4113 et
1386 4050 1528 4135 triginta
1560 4059 1592 4115 et

487 4172 611 4216 nouem
638 4172 733 4216 acras
760 4158 858 4228 terre,
887 4173 993 4216 vnam
1020 4173 1134 4216 acram
1160 4152 1262 4235 prati,
1290 4160 1324 4217 et
1351 4155 1493 4219 boscum
1521 4176 1592 4241 pre-

488 4256 630 4331 dictum,
652 4276 783 4320 necnon
803 4256 945 4339 prefatis
965 4256 1102 4339 vicarijs
1122 4257 1216 4341 quod
1237 4257 1299 4340 ipsi
1320 4257 1389 4322 duo
1409 4261 1591 4345 mesuagia,

488 4381 546 4424 sex
566 4380 661 4424 acras
681 4366 769 4424 terre
788 4368 821 4424 et
843 4367 910 4424 tres
930 4381 1026 4425 acras
1044 4361 1136 4446 prati
1155 4367 1189 4424 et
1209 4361 1382 4426 redditum
1401 4363 1592 4446 predictum

488 4486 508 4528 a
526 4464 667 4548 prefatis
685 4464 737 4529 W.
758 4464 790 4547 J.
810 4464 848 4529 T.
868 4465 901 4548 J.
921 4464 972 4554 W.
993 4464 1045 4529 W.
1065 4465 1117 4529 W.
1138 4470 1172 4528 et
1191 4465 1223 4548 J.
1244 4466 1391 4549 recipere
1408 4468 1542 4550 possint
1559 4475 1591 4532 et

488 4574 602 4633 tenere
628 4568 692 4631 sibi
719 4574 753 4632 et
779 4568 1029 4633 successoribus
1055 4569 1125 4633 suis
1151 4569 1313 4652 predictis
1340 4570 1592 4655 imperpetuum

487 4673 576 4737 sicut
594 4672 787 4756 predictum
806 4678 857 4736 est
877 4679 994 4737 tenore
1013 4673 1226 4757 presencium
1245 4673 1401 4740 similiter
1419 4675 1592 4743 licenciam

559 4825 566 4849 ¹
586 4820 644 4870 The
656 4820 712 4871 MS.
727 4821 777 4871 has
793 4827 807 4843 ‘⁸
817 4821 968 4871 eiusdem.”
