3950 5625
504 691 566 757 192
788 674 867 739 Tur
892 674 1049 739 Inorrnr
1072 674 1318 740 Manuscnrrr.

333 852 451 967 plagam
502 854 651 919 officium
667 859 896 919 mortuorum1
913 875 993 919 cum
1008 854 1288 919 comendacione2
1303 854 1493 919 secundum
1510 874 1607 918 vsum

303 921 474 1035 amietcmge,
502 958 663 1023 ordinalis
687 959 790 1023 Ebor.
816 965 850 1022 et
874 964 977 1042 prout
1002 959 1083 1022 anni
1107 965 1244 1042 tempus
1267 959 1372 1043 exigit
1396 965 1431 1022 et
1455 959 1607 1043 requirit,

502 1063 566 1128 nisi
598 1063 747 1148 legitime
780 1063 906 1127 fuerint
940 1063 1107 1146 Impediti.
1156 1064 1245 1127 Item
1277 1063 1322 1127 do
1354 1068 1389 1126 et
1421 1062 1497 1147 lego
1529 1062 1610 1127 d'no

301 1189 373 1237 Poor
386 1188 415 1237 or
429 1188 476 1236 the
502 1167 615 1231 Will'o
631 1167 775 1250 Stabyll,
793 1166 987 1251 Capellan0,
1005 1187 1078 1231 xxs.
1128 1167 1217 1231 Item
1232 1167 1306 1251 lego
1322 1167 1367 1231 ad
1382 1166 1609 1231 distribuend.

307 1255 471 1385 P'fflssff
502 1272 592 1335 inter
622 1291 789 1355 pauperes
815 1271 1041 1354 parochianos
1068 1271 1239 1356 prebende
1265 1291 1339 1335 mee
1365 1271 1407 1335 de
1433 1271 1551 1354 Thorp
1576 1276 1611 1334 et

504 1376 580 1459 alijs
601 1375 682 1440 locis
703 1375 940 1440 adiacentibus
961 1375 1006 1438 ad
1027 1375 1157 1440 dictam
1177 1376 1388 1459 prebendam
1409 1375 1612 1459 pertinenti-

503 1482 578 1556 buS,
596 1480 784 1544 secundum
801 1500 918 1544 eorum
935 1479 1173 1564 indigenciam,
1191 1480 1226 1543 xl
1242 1480 1377 1545 solidos
1426 1480 1517 1544 Item
1537 1479 1612 1565 lego

326 1589 456 1638 Friarsot
503 1585 642 1649 cuilibet
665 1585 775 1648 ordini
798 1585 944 1648 fratrum
966 1583 1240 1649 mendicaneium
1261 1584 1414 1649 ciuitatis
1435 1585 1541 1648 Ebor.
1565 1605 1611 1647 xx

306 1656 471 1772 {fffflfl
503 1689 638 1753 solidos,
687 1689 776 1752 Item
817 1688 892 1773 lego
933 1687 1127 1752 Conuentui
1168 1688 1315 1777 fratrum
1355 1689 1528 1753 minorum
1570 1688 1612 1752 de

504 1793 698 1858 Richmond
738 1814 784 1856 xx
825 1792 960 1857 solidos.
1008 1794 1055 1856 Et
1095 1793 1287 1857 Conuentui
1328 1793 1529 1858 Monialium
1569 1793 1612 1857 de

300 1889 404 2004 EQ?
421 1888 476 2005 ἔξω
503 1897 662 1973 Eschold,
705 1918 779 1962 xxs.
847 1898 893 1960 Et
935 1898 1121 1961 conuentui
1162 1897 1285 1962 domus
1326 1897 1527 1962 monialium
1569 1897 1612 1960 de

377 1997 422 2071 oi·
503 2003 748 2087 Arthyngton',
772 2022 846 2066 xxs,
895 2002 985 2065 Item
1007 2001 1082 2085 lego
1105 2002 1203 2066 fratri
1227 2002 1380 2066 Roberto
1402 2001 1540 2076 Cawod,
1565 2023 1611 2066 xx

299 2090 476 2152 Arthington.
502 2107 638 2170 solidos,
687 2107 776 2171 Item
799 2106 873 2190 lego
897 2105 1027 2169 Thome
1052 2106 1093 2170 de
1117 2106 1198 2170 Alta
1222 2107 1323 2190 Ripa,
1347 2106 1479 2182 clericO,
1504 2127 1611 2170 vnam

343 2257 430 2307 Plate.
502 2211 635 2295 peciam
671 2210 802 2294 argenti
838 2231 917 2274 cum
953 2210 1166 2294 cooperculo
1204 2211 1389 2276 habentem
1425 2230 1540 2275 rosam
1576 2210 1611 2275 in

501 2315 702 2380 summitate
726 2314 927 2398 cooperculi.
976 2314 1066 2379 Item
1090 2314 1165 2399 lego
1189 2315 1318 2400 Mag'ro
1342 2314 1436 2398 Joh'i
1461 2315 1610 2379 Stanton

501 2441 606 2485 vnam
627 2419 759 2503 peciam
781 2439 860 2483 cum
881 2419 1083 2503 cooperculo
1104 2419 1290 2484 habentem
1311 2419 1420 2484 eciam
1440 2440 1555 2483 rosam
1576 2419 1611 2483 in

501 2524 702 2589 summitate
736 2523 937 2607 cooperculi.
987 2524 1076 2588 Item
1110 2524 1184 2609 lego
1217 2524 1298 2588 d'no
1332 2523 1463 2588 Rob'to
1497 2524 1612 2588 Semer

500 2628 687 2713 capellano,
720 2647 826 2692 vnam
861 2627 994 2711 peciam
1030 2628 1161 2713 argenti
1185 2643 1276 2693 'cum
1311 2648 1373 2692 suo
1408 2628 1612 2712 cooperculo

501 2734 686 2797 habentem
714 2732 845 2797 nodum
873 2732 907 2796 in
936 2732 1138 2797 summitate
1166 2732 1367 2817 cooperculi.
1416 2732 1507 2797 Item
1537 2733 1612 2818 lego

501 2838 594 2921 Joh'i
635 2838 764 2922 Pygott
804 2858 910 2902 vnam
950 2837 1083 2921 peciam
1122 2844 1343 2921 cooperatam
1383 2837 1428 2902 ad
1468 2838 1611 2902 modum

501 2942 614 3007 calicis
633 2963 713 3006 cum
732 2941 823 3006 nodo
843 2942 878 3005 in
897 2942 1099 3006 summitate
1119 2942 1311 3025 cooperculi
1330 2941 1513 3006 anamaled
1533 2962 1610 3006 cum

502 3066 634 3111 azoure.
683 3046 772 3110 Item
798 3045 872 3130 lego
898 3045 980 3109 d’no
1006 3045 1100 3128 joh'i
1125 3046 1304 3110 Thomton
1330 3045 1459 3110 vicario
1487 3046 1611 3110 Ponte-

288 3168 406 3218 Funeral
415 3172 446 3216 to
453 3168 488 3215 be
502 3151 600 3216 fract’
618 3171 723 3215 vnam
739 3150 871 3234 peciam
887 3151 1019 3235 argenti
1035 3171 1114 3216 cum
1129 3149 1330 3233 cooperculo
1345 3170 1408 3214 suo
1422 3150 1609 3214 habentem

327 3236 446 3365 wll}
501 3256 537 3322 in
567 3255 767 3320 summitate
797 3254 862 3318 hoc
892 3274 1028 3329 nomen,
1060 3256 1132 3327 Ibe.
1194 3255 1284 3319 Item
1314 3254 1393 3318 volo
1423 3260 1458 3318 et
1490 3255 1611 3319 ordino

307 3384 402 3434 pomp,
416 3372 465 3431 yet
502 3360 606 3445 quod,
639 3359 799 3444 expedita
832 3359 1010 3442 sepultura
1041 3379 1118 3423 mea
1150 3360 1280 3443 absque
1312 3379 1440 3442 pompa
1472 3359 1612 3424 omnino

296 3435 441 3551 fflffi'
442 3434 479 3549 1ξρ
502 3464 654 3539 seculari,
689 3463 831 3527 honeste
864 3469 981 3527 tamen
1015 3469 1156 3547 propter
1187 3462 1452 3547 obloquencium
1486 3463 1612 3528 iudicia

300 3570 365 3633 paid
382 3568 476 3645 before
502 3567 706 3642 inconsulta,
732 3567 826 3651 quod
853 3568 968 3631 omnia
996 3573 1031 3631 et
1058 3567 1191 3652 singula
1218 3567 1336 3631 debita
1363 3587 1440 3631 mea
1467 3588 1535 3658 que
1560 3587 1613 3632 me

324 3637 447 3698 legacres.
501 3672 626 3737 debere
643 3671 825 3755 contigerit
841 3677 996 3755 tempore
1011 3671 1132 3736 mortis
1147 3691 1222 3735 mee
1238 3677 1319 3736 ante
1334 3670 1544 3735 solucionem
1560 3670 1614 3735 vel

501 3776 786 3841 deliberacionem
812 3796 1112 3861 quorumcumque
1139 3775 1331 3861 legatorum
1357 3795 1513 3839 meorum
1540 3796 1613 3859 pre·

501 3881 672 3946 dictorum
692 3880 823 3965 integre
848 3881 1097 3964 persoluantur.
1146 3880 1336 3944 Residuum
1356 3899 1438 3943 vero
1459 3880 1613 3944 omnium

503 3987 673 4050 bonorum
705 4005 860 4048 meorum
892 3985 1048 4068 superius
1080 4006 1149 4049 non
1180 3984 1372 4069 legatorum
1405 3983 1613 4069 vbicumque

308 4102 470 4179 Poofofhis
502 4091 733 4165 inuentorum‚
748 4089 793 4152 do
814 4095 848 4152 et
868 4089 944 4174 lego
964 4089 1204 4154 executoribus
1225 4088 1308 4152 meis
1329 4088 1556 4171 infrascriptis
1574 4094 1613 4152 vt

318 4170 451 4234 panshes.
502 4196 567 4280 ipsi
587 4195 630 4259 de
651 4215 691 4258 eo
711 4193 908 4277 disponant,
930 4194 1112 4279 ipsumque
1133 4194 1167 4257 in
1189 4193 1263 4277 pios
1283 4214 1375 4268 vsus,
1398 4198 1433 4256 et
1454 4192 1613 4276 precipue

502 4320 692 4384 pauperum
746 4297 976 4382 indigencium
1029 4297 1314 4383 parochianorum
1367 4296 1611 4360 beneficiorum

503 4424 667 4479 meorum,
686 4408 892 4467 conuertant
909 4409 1013 4486 prout
1031 4404 1143 4468 anime
1161 4422 1234 4466 mee
1252 4401 1372 4465 melius
1389 4407 1423 4465 et
1441 4400 1612 4464 salubrius

319 4510 455 4575 nppoint-
503 4508 670 4574 crederint
695 4506 864 4590 expedire.
913 4508 959 4571 Et
984 4507 1030 4572 ad
1053 4506 1292 4571 execucionem
1316 4505 1484 4588 presentis
1508 4510 1612 4568 testa·

306 4576 468 4699 3¹¹&ssss
502 4614 610 4679 menti
643 4612 720 4687 mei,
754 4610 912 4676 vltimam
946 4612 1164 4677 voluntatem
1195 4629 1309 4673 meam
1341 4609 1376 4673 in
1411 4629 1446 4673 se
1480 4608 1612 4693 plenius

538 4728 560 4733 -
574 4776 581 4798 ¹
601 4770 677 4819 Brev.
692 4767 770 4815 Ebor.
787 4766 928 4826 (Surtees),
946 4764 982 4820 II,
998 4765 1129 4825 659-668.

572 4855 583 4879 ²
600 4847 734 4899 Manuale
747 4846 825 4895 Ebor.
842 4844 984 4905 (Surtees),
1000 4856 1043 4904 92.
