3950 5625
480 702 543 785 178
766 704 845 767 Tua
870 703 1026 768 Incnar
1050 704 1297 768 Mnnoscmrr.

478 881 588 946 officio
622 902 781 967 peragere
812 881 997 967 dignemini
1028 903 1107 947 cum
1138 881 1266 956 fauore,
1299 880 1344 945 ad
1378 881 1491 946 eccl’ie
1528 901 1591 945 sue

478 987 626 1071 regimen
647 993 682 1050 et
703 987 888 1051 munimen.
936 986 1006 1051 Vos
1022 987 1082 1051 diu
1097 992 1276 1050 conseruet
1291 986 1487 1050 incolimem
1508 985 1591 1048 Dei-

478 1095 533 1154 tas
555 1091 770 1155 intemerata.
819 1091 859 1155 In
883 1112 910 1155 c.
936 1111 961 1156 r.
987 1098 1012 1156 t.
1037 1091 1096 1175 sig.
1121 1112 1166 1155 m.
1191 1091 1408 1174 presentibus
1430 1089 1590 1174 apposui.

479 1194 559 1258 Dat.
587 1194 680 1279 apud
706 1195 952 1280 Merkyngfeld,
979 1216 1072 1259 nono
1097 1195 1151 1258 die
1177 1194 1302 1259 mensis
1328 1193 1458 1277 Marcij,
1486 1194 1592 1257 Anno

480 1298 559 1362 D'ni
601 1299 778 1363 Millesimo
818 1309 913 1363 cccmo
968 1298 1198 1383 Nonagesimo
1238 1304 1373 1363 octauo,
1436 1298 1483 1361 Et
1525 1318 1591 1382 ego

479 1402 632 1467 Dionisia
667 1404 784 1467 relicta
820 1403 891 1467 d’ni
926 1403 1057 1466 Thome
1093 1403 1134 1466 de
1171 1402 1418 1487 Merkyngfeld,
1454 1400 1588 1477 militis,

478 1505 642 1581 defuncti,
672 1506 762 1571 dicte
790 1507 1039 1591 presentacioni
1068 1527 1128 1590 per
1155 1507 1324 1571 Thomam
1352 1505 1590 1589 subscriptum

478 1611 568 1674 facte
588 1612 776 1687 consencio,
799 1618 833 1675 et
853 1618 1025 1695 quantum
1046 1611 1090 1674 ad
1111 1631 1165 1674 me
1186 1611 1312 1674 attinet
1333 1630 1409 1674 eam
1430 1610 1589 1694 approbo

478 1721 512 1779 et
540 1714 714 1780 confirmo,
763 1715 803 1779 In
832 1736 859 1780 c.
890 1736 915 1780 r.
946 1722 971 1780 t.
1001 1715 1061 1800 sig.
1092 1736 1136 1779 m.
1167 1715 1321 1798 apposui.
1370 1715 1451 1778 Dat.
1482 1734 1587 1789 ann0,

478 1839 603 1895 mense,
626 1818 690 1895 die,
713 1825 747 1884 et
768 1820 842 1884 loco
863 1818 1080 1903 supradictis.

559 2035 646 2120 (267)
676 2036 879 2120 (Certificate
903 2036 939 2100 of
961 2036 1158 2101 Admission
1182 2035 1251 2100 and
1276 2036 1506 2110 Institutionl.

566 2202 623 2269 Ca.
652 2203 730 2267 eccl.
760 2202 840 2267 Coll.
871 2202 995 2286 Ripon'
1025 2203 1127 2266 Ebor.
1157 2201 1243 2266 dioc.
1273 2201 1398 2266 dilecto
1424 2201 1525 2265 nobis
1553 2201 1588 2265 in

363 2318 368 2329 ·
421 2318 426 2328 ·
478 2328 546 2391 xpo
559 2307 652 2389 Joh'i
665 2307 707 2372 de
719 2307 888 2382 Fulforth,
903 2307 1097 2391 Capellano,
1112 2306 1269 2370 salutem.
1317 2306 1371 2369 Ad
1384 2305 1587 2369 Cantariam

476 2418 679 2496 perpetuam
704 2411 831 2476 Altaris
856 2411 922 2477 S'ci
947 2410 1082 2475 Andree
1106 2411 1141 2475 in
1166 2410 1245 2475 eccl.
1271 2410 1346 2474 coll.
1374 2409 1499 2493 Ripon’
1526 2430 1588 2493 per

475 2522 622 2580 mortem
660 2515 731 2580 d'ni
769 2516 880 2597 Joh'is
918 2515 1021 2598 Clynt
1058 2514 1172 2578 vltimi
1214 2514 1388 2598 Capellani
1433 2514 1588 2578 eiusdem

476 2620 646 2695 Cantarie,
668 2620 839 2703 adquam
860 2639 920 2703 per
940 2619 1109 2683 Thomam
1130 2618 1172 2683 de
1194 2617 1441 2702 Merkyngfeld,
1463 2638 1586 2682 verum

475 2724 581 2808 ipsius
597 2730 793 2808 patronum,
807 2724 906 2788 nobis
922 2729 1140 2806 presentatus
1156 2723 1285 2797 existis
1304 2729 1337 2786 te
1354 2721 1585 2793 admittimus,

477 2836 512 2893 et
542 2828 763 2912 Capellanum
793 2834 999 2912 perpetuum
1028 2849 1107 2893 cum
1136 2828 1205 2892 suis
1234 2828 1365 2892 iuribus
1395 2833 1429 2890 et
1458 2827 1584 2911 pertin.

477 2933 644 2997 vniuersis
663 2939 697 2997 et
716 2933 875 2997 oneribus
894 2933 1004 2996 eidem
1023 2932 1312 3005 incumbentibus
1333 2931 1463 3015 adque
1482 2952 1587 2996 onera

478 3036 657 3101 subeunda
680 3058 795 3101 coram
819 3037 917 3101 nobis
940 3036 1071 3111 iurasti,
1097 3043 1132 3100 te
1156 3036 1286 3100 intuitu
1310 3035 1466 3099 caritatis
1489 3035 1586 3099 insti-

478 3141 607 3205 tuimus
631 3141 792 3205 canonice
816 3140 851 3204 in
875 3141 1005 3205 eadem.
1053 3139 1095 3204 In
1118 3162 1146 3205 c.
1172 3160 1197 3205 r.
1224 3146 1249 3204 t.
1275 3139 1334 3224 sig.
1360 3160 1393 3203 n.
1419 3159 1506 3223 pres.
1533 3146 1585 3202 est

478 3265 678 3329 appensum.
726 3244 807 3309 Dat.
828 3244 863 3307 in
884 3243 938 3309 do.
957 3244 1014 3308 Ca.
1032 3244 1110 3327 xvjo
1130 3244 1184 3307 die
1204 3264 1310 3308 mens.
1332 3243 1462 3325 Marcij,
1483 3242 1586 3307 Anno

478 3347 549 3412 d'ni
571 3349 724 3412 Mill'imo
744 3356 840 3412 ccc⁰¹⁰
860 3369 982 3432 nonag.
1007 3354 1141 3412 octauo,

723 3563 809 3649 (268)
839 3564 1045 3646 (Certificate
1069 3564 1104 3628 of
1128 3563 1338 3647 Induction).

565 3730 732 3795 Nouerint
748 3730 898 3795 vniuersi
913 3730 1007 3814 quod
1023 3727 1102 3795 cum
1117 3752 1179 3795 nos
1195 3730 1393 3814 Capitulum
1409 3731 1489 3797 eccl.
1507 3732 1582 3797 coll.

478 3835 602 3919 Ripon’
634 3835 737 3900 Ebor.
769 3834 855 3899 dioc.
887 3834 1051 3898 dilectum
1081 3835 1180 3898 nobis
1209 3836 1244 3899 in
1275 3856 1344 3919 xpo
1374 3835 1512 3917 Joh’em
1542 3836 1584 3900 de

477 3939 635 4003 Fulforth
666 3938 887 4022 Capellanum
918 3937 963 4001 ad
994 3938 1191 4002 Cantariam
1222 3923 1424 4023 perpetuam
1455 3938 1584 4004 Altaris

476 4043 542 4107 S’ci
555 4043 690 4107 Andree
703 4042 738 4106 in
752 4042 830 4106 eccl.
846 4041 927 4106 Coll.
944 4040 1069 4125 Ripon'
1085 4042 1295 4118 admisimus,
1310 4049 1345 4107 et
1359 4042 1583 4127 Capelianum

475 4153 680 4231 perpetuum
698 4146 911 4210 instituimus
929 4146 1091 4209 canonice
1109 4146 1144 4209 in
1163 4147 1293 4222 eadem,
1314 4147 1426 4231 ipsum
1445 4147 1583 4229 Joh'em

475 4252 510 4315 in
535 4251 745 4334 corporalem
770 4250 1016 4334 possessionem
1041 4250 1193 4314 eiusdem
1218 4250 1377 4315 Cantarie
1402 4270 1462 4333 per
1486 4250 1583 4315 d'nm

475 4355 612 4438 Joh'em
642 4354 794 4419 Redness
823 4354 1148 4419 Subthesaurarium
1176 4361 1333 4419 nostrum
1361 4354 1584 4438 corporaliter

474 4458 590 4524 induci
610 4458 751 4523 lecimus
771 4479 849 4522 cum
869 4458 938 4522 suis
957 4458 1088 4522 iuribus
1108 4464 1143 4521 et
1162 4458 1382 4542 pertinencijs
1401 4458 1580 4523 vniuersis.

476 4564 516 4627 ln
538 4584 566 4629 c.
591 4583 616 4627 r.
641 4568 665 4627 t.
690 4563 749 4647 sig.
773 4583 806 4627 n.
831 4582 916 4646 pres.
941 4569 993 4626 est
1016 4582 1216 4646 appensum.
1264 4561 1344 4626 Dat.
1369 4561 1481 4626 indo.
1506 4561 1582 4626 n'ra

474 4668 531 4733 Ca.
568 4666 730 4733 vicesimo
765 4666 820 4730 die
855 4665 980 4731 mensis
1017 4666 1132 4750 Marcij
1171 4664 1272 4730 Anno
1308 4666 1388 4730 D’ni
1425 4665 1581 4730 Mill’imo

473 4782 568 4841 cccm⁰
584 4792 707 4859 nonag.
729 4777 864 4838 octauo.
