3950 5625
438 709 501 776 268
723 713 802 777 Tne
828 712 983 778 [norror
1008 712 1254 779 Mnuuscnrpr.

437 891 646 957 solucionem
686 891 765 956 inde
806 892 878 956 lore
918 892 1069 957 fiendam
1109 893 1174 956 nisi
1216 891 1464 958 tantummodo
1507 891 1557 956 ad

438 1016 612 1060 summum
631 997 739 1061 altare
758 995 962 1080 predictum,
982 996 1077 1080 quod
1095 1002 1224 1061 extunc
1242 997 1439 1081 obligarunt
1458 995 1557 1080 ipsos

440 1100 590 1165 Priorem
612 1107 647 1165 et
668 1101 773 1165 Conv.
797 1107 831 1164 et
852 1122 941 1165 succ.
965 1121 991 1165 S.
1014 1101 1145 1165 soluere
1166 1101 1265 1165 nobis
1286 1100 1409 1186 prelat.
1432 1099 1492 1164 Ca.
1516 1106 1556 1163 et

437 1226 526 1270 succ.
550 1227 583 1270 n.
607 1207 759 1290 quinque
781 1226 914 1270 marcas
936 1205 1176 1290 sterlingorum
1197 1225 1260 1289 pro
1281 1205 1437 1289 quolibet
1460 1205 1555 1268 festo

438 1331 592 1395 proquo
614 1312 705 1395 ipsos
728 1311 872 1396 allegare
894 1309 1077 1393 contigerit
1099 1308 1252 1393 aliquam
1275 1308 1555 1392 aoquietanciam

438 1416 492 1480 vel
513 1417 680 1501 scriptum
702 1416 842 1500 aliquod
864 1416 946 1479 alibi
967 1420 1110 1499 portans
1131 1413 1251 1478 datam
1271 1434 1377 1498 quam
1399 1413 1434 1477 in
1456 1413 1555 1477 dicta

438 1521 492 1586 do.
516 1521 572 1586 Ca.
596 1521 674 1586 eccl.
697 1521 779 1585 Coll.
803 1521 845 1585 de
868 1520 992 1604 Ripon'
1015 1518 1211 1602 supradicte
1231 1539 1291 1582 seu
1312 1518 1393 1582 alibi
1413 1517 1552 1593 liberat,

438 1647 543 1711 quam
576 1627 610 1691 in
644 1626 764 1690 eadem
797 1626 851 1690 do.
882 1626 939 1690 Ca.
970 1630 1033 1690 aut
1060 1623 1200 1707 aliquod
1228 1622 1322 1687 aliud
1354 1623 1390 1687 in
1426 1623 1479 1703 (90
1503 1624 1550 1705 ν.)

438 1731 719 1795 exoneracionem
757 1730 939 1794 solucionis
976 1729 1060 1792 dicti
1098 1728 1203 1793 annui
1240 1726 1395 1792 redditus
1431 1728 1554 1792 decem

439 1855 631 1900 marcarum
650 1834 704 1898 vel
723 1834 865 1899 alicuius
884 1833 1030 1918 parcelle
1048 1833 1210 1908 eiusdem,
1230 1853 1289 1897 seu
1307 1822 1399 1897 dicte
1417 1854 1554 1898 summe

438 1940 669 2025 quadraginta
698 1938 885 2003 solidorum
913 1939 1052 2003 nomine
1079 1958 1176 2021 pene,
1205 1943 1267 2002 aut
1294 1937 1386 2001 dicte
1416 1958 1554 2003 summe

438 2045 591 2130 quinque
617 2064 811 2107 marcarum
837 2042 885 2106 sic
911 2042 1047 2107 racione
1074 2041 1290 2126 allegacionis
1316 2042 1553 2125 predictarum

437 2168 684 2223 concessarum,
703 2149 766 2212 nisi
784 2146 1028 2212 tantummodo
1045 2146 1319 2230 acquietanciam
1335 2146 1390 2210 vel
1409 2146 1554 2232 aliquod

437 2254 604 2339 scriptum
624 2259 766 2337 portans
786 2253 866 2317 Dat.
888 2253 922 2317 in
942 2252 997 2316 do.
1019 2251 1076 2316 Ca.
1097 2251 1307 2335 supradicta.

261 2428 305 2476 nd
319 2441 398 2490 ²1er⁶
530 2422 674 2487 Etcum
696 2418 801 2502 ijdem
818 2420 871 2483 Pr.
888 2423 923 2481 et
936 2417 1042 2482 Conu.
1058 2417 1196 2502 insuper
1205 2437 1266 2502 per
1279 2417 1369 2481 idem
1383 2418 1555 2502 scriptum

261 2498 294 2543 ‚at
307 2507 363 2556 any
377 2492 416 2540 in·
958 2523 963 2533 .

280 2559 378 2609 formal
439 2545 540 2590 suum
562 2529 801 2589 concesserunt
823 2522 917 2607 quod
938 2542 966 2586 s1
988 2522 1082 2606 pred.
1108 2523 1163 2587 Pr.
1189 2529 1224 2587 et
1246 2522 1352 2587 Conu.
1377 2543 1437 2587 seu
1459 2543 1552 2587 succ.

261 2626 425 2742 fflfugetiffin
441 2650 466 2695 s.
485 2629 707 2713 allegauerint
724 2627 875 2712 aliquam
892 2627 994 2691 aliam
1010 2627 1220 2691 solucionem
1236 2646 1341 2711 quam
1358 2627 1403 2691 ad
1418 2627 1556 2692 dictum

261 2760 310 2809 mu
323 2760 398 2815 void,
441 2735 559 2809 altare,
591 2734 663 2798 siue
694 2732 833 2817 aliquod
863 2732 1030 2816 scriptum
1061 2732 1133 2796 siue
1165 2732 1439 2817 acquietanciam
1471 2732 1555 2797 alibi

438 2846 581 2924 portans
597 2839 669 2903 dat.
687 2858 793 2922 quam
810 2837 845 2901 in
862 2837 957 2901 dicta
973 2836 1028 2901 do.
1048 2837 1105 2902 Ca.
1125 2838 1168 2902 de
1185 2837 1322 2922 Ripon’,
1338 2838 1395 2901 vel
1411 2837 1555 2923 aliquod

438 2942 532 3009 aliud
548 2963 608 3027 per
622 2943 713 3025 ipsos
728 2962 787 3006 seu
803 2961 947 3005 success.
966 2961 1047 3005 suos
1063 2941 1249 3027 allegatum
1265 2942 1319 3006 vel
1334 2942 1555 3028 allegandum

439 3047 541 3112 luerit
569 3046 603 3110 in
631 3046 912 3109 exoneracionem
939 3044 1123 3111 solucionis
1150 3046 1235 3111 dicti
1262 3047 1369 3111 annui
1396 3047 1555 3113 redditus

438 3153 556 3217 decem
596 3170 790 3215 marcarum
830 3150 884 3213 vel
925 3149 1068 3215 alicuius
1108 3151 1253 3235 parcelle
1293 3139 1445 3217 eiusdem
1486 3159 1551 3218 aut

439 3256 581 3322 alicuius
614 3253 759 3341 parcelle
791 3275 958 3339 penarum
991 3255 1234 3339 predictarum,
1269 3256 1364 3341 quod
1396 3276 1549 3321 vacuum

439 3363 484 3426 sit
503 3368 538 3425 et
556 3360 683 3425 nullius
702 3359 837 3445 vigoris.

261 3555 324 3605 that
343 3554 391 3601 tue
530 3531 579 3594 Et
606 3530 637 3595 si
663 3529 857 3608 contingat,
883 3526 977 3611 quod
1019 3527 1119 3602 absit,
1161 3527 1255 3612 quod
1295 3528 1377 3594 dict.
1421 3530 1475 3594 Pr.
1519 3535 1555 3593 et

261 3622 410 3737 {lffil'ffle
442 3635 548 3699 Conu.
576 3653 636 3697 seu
662 3653 751 3696 succ.
779 3652 804 3695 s
834 3631 1031 3706 defecerint,
1060 3637 1121 3695 aut
1151 3630 1274 3715 aliquis
1297 3653 1386 3698 succ.
1411 3653 1553 3698 suorum

261 3770 318 3804 ‚wer
331 3760 361 3804 to
374 3756 427 3803 uis·
443 3737 604 3801 defecerit
624 3737 658 3800 in
678 3735 850 3800 solucione
868 3735 961 3819 pred.
984 3736 1089 3800 annui
1111 3736 1265 3801 redditus
1284 3737 1402 3801 decem
1422 3743 1553 3803 marca-

286 3822 368 3879 tram,
443 3862 529 3916 rum,
551 3840 605 3904 vel
625 3839 767 3903 alicuius
785 3838 930 3922 parcelle
949 3839 1112 3916 eiusdem,
1134 3841 1178 3905 ad
1199 3842 1287 3907 festa
1305 3842 1471 3926 predicta,
1492 3864 1554 3927 per

441 3945 594 4030 quinque
615 3943 825 4027 septimanas
847 3948 925 4026 post
948 3943 1088 4030 aliquod
1110 3945 1238 4011 testum
1260 3947 1552 4030 prenominatum,

441 4070 501 4113 seu
536 4049 570 4113 in
604 4048 776 4111 solucione
810 4046 892 4111 dict.
925 4050 1158 4135 quadraginta
1177 4050 1379 4116 ¹solidorum
1412 4053 1554 4117 nomine

441 4174 527 4238 pene
558 4173 805 4227 concessorum,
838 4152 892 4215 vel
924 4152 959 4215 in
990 4155 1164 4219 solucione
1196 4155 1369 4220 dictarum
1400 4156 1554 4242 quinque

440 4277 633 4322 marcarum
653 4257 786 4321 racione
805 4256 1021 4341 allegacionis
1039 4258 1195 4341 predicte
1214 4259 1248 4323 in
1268 4259 1380 4324 tonna
1397 4260 1554 4344 predicta

440 4383 607 4437 concesse,
629 4368 757 4427 extunc
776 4362 862 4426 bene
881 4363 983 4427 liceat
1004 4364 1103 4427 nobis
1123 4363 1285 4447 Capitulo
1305 4370 1340 4427 et
1360 4385 1448 4430 succ.
1470 4365 1553 4430 n'ris

440 4469 475 4532 in
486 4467 638 4531 manerio
649 4467 802 4549 ipsorum
814 4467 867 4531 Pr.
881 4473 916 4530 et
927 4466 1034 4532 Conu.
1048 4468 1091 4531 de
1102 4467 1273 4532 Ledeston
1285 4468 1320 4533 in
1332 4469 1553 4554 Westridyng

440 4574 475 4637 in
507 4572 600 4636 Com.
635 4571 737 4635 Ebor.
771 4591 851 4634 cum
883 4571 1006 4654 pertin.
1040 4573 1110 4636 suis
1138 4573 1275 4647 intrare,
1305 4578 1340 4635 et
1368 4573 1403 4637 in
1431 4573 1551 4638 eodem

440 4677 651 4762 distringere,
665 4681 700 4738 et
716 4674 951 4740 districciones
967 4677 1015 4741 sic
1031 4682 1152 4759 captas
1169 4676 1347 4751 abducere,
1362 4683 1548 4760 asportare,

440 4788 475 4846 et
506 4781 665 4865 effugare,
694 4801 734 4843 ac
764 4799 868 4863 penes
895 4801 957 4844 nos
985 4781 1141 4857 retinere,
1170 4801 1349 4865 quousque
1377 4781 1475 4846 nobis
1505 4781 1548 4846 de
