3950 5625
819 637 1095 704 Cnnrutnnv.

748 738 1174 805 m
1464 752 1507 817 45

408 928 617 999 perpetuum.
663 915 708 979 Et
722 915 751 980 si
768 915 951 1000 contingat
968 913 1156 998 predictam
1170 910 1370 977 Cantariam
1385 931 1507 975 vacare

407 1036 460 1099 per
482 1028 630 1080 mortem
660 1037 721 1080 seu
749 1015 1026 1099 resignacionem
1054 1013 1196 1097 predicti
1221 1012 1292 1076 d’ni
1319 1010 1503 1083 willelmi,

406 1129 480 1180 tunc
496 1116 580 1180 volo
596 1116 691 1197 quod
711 1136 780 1200 ego
804 1116 858 1178 vel
884 1114 1028 1179 heredes
1053 1115 1118 1178 mei
1143 1113 1251 1177 alium
1276 1112 1505 1195 Capelianum

406 1215 577 1292 idoneum,
610 1214 701 1278 infra
726 1214 926 1296 quindecim
958 1214 1034 1278 dies
1065 1236 1085 1276 a
1117 1226 1272 1296 tempore
1301 1212 1420 1276 mortis
1445 1232 1506 1275 seu

406 1314 668 1398 resignacionis,
701 1314 746 1377 ad
791 1314 936 1378 eandem
978 1313 1178 1379 Cantariam
1213 1326 1417 1395 presentem,
1453 1312 1506 1376 vel

405 1427 601 1498 presentent
624 1413 788 1496 Capitulo
812 1413 902 1478 beati
928 1412 1084 1477 Wilfridi
1109 1414 1152 1478 de
1179 1412 1310 1494 Ripon,
1330 1433 1391 1495 per
1413 1411 1506 1494 quod

404 1514 540 1597 quidem
586 1513 787 1596 Capitulum
828 1514 909 1576 volo
946 1513 1041 1595 quod
1082 1513 1256 1596 predictus
1295 1511 1507 1595 Capellanus

404 1614 603 1678 admittatur
618 1627 651 1677 et
668 1613 877 1689 instituatur,
894 1625 927 1676 et
939 1613 989 1676 sic
1001 1612 1044 1676 de
1061 1613 1187 1678 herede
1201 1633 1279 1678 meo
1293 1613 1326 1675 in
1346 1611 1506 1676 heredem

404 1713 490 1778 etde
507 1733 709 1777 successore
727 1713 761 1775 in
782 1733 1017 1776 successorem
1042 1713 1092 1791 (in
1119 1716 1367 1797 perpetuum).1
1415 1711 1508 1774 Volo

404 1814 508 1878 eciam
530 1826 565 1877 et
587 1813 742 1878 concedo
766 1833 828 1895 pro
853 1833 908 1875 me
930 1825 964 1876 et
988 1812 1103 1876 hered.
1125 1834 1170 1877 m.
1190 1813 1283 1896 quod
1308 1814 1337 1876 si
1361 1831 1430 1895 ego
1453 1809 1507 1874 vel

405 1913 517 1979 hered.
558 1913 625 1976 mei
665 1913 699 1975 in
739 1911 859 1994 aliqua
893 1912 1079 1976 vacacione
1114 1914 1359 1997 contingentes
1392 1914 1445 1990 (20
1458 1917 1508 1994 v.)

405 2013 536 2078 remissi
556 2013 610 2076 vel
629 2012 843 2096 necligentes
864 2010 1033 2075 fuerimus
1056 2013 1098 2076 ad
1125 2014 1394 2095 presentandum
1421 2013 1509 2076 infra

404 2124 541 2195 tempus
558 2112 743 2174 limitatum
761 2133 782 2174 a
798 2123 953 2194 tempore
966 2112 1166 2175 vacacionis
1179 2133 1240 2176 seu
1256 2113 1508 2198 resignacionis

405 2225 437 2275 vt
457 2211 650 2296 predictum
675 2221 738 2287 est,
765 2211 859 2292 quod
884 2209 1084 2293 Capitulum
1110 2212 1295 2292 (ecclesie)¹
1320 2213 1362 2276 de
1389 2213 1506 2295 Ripon

404 2313 549 2376 candem
590 2309 769 2392 Capellam
809 2330 887 2373 cum
927 2311 1037 2386 terris,
1080 2312 1297 2388 tenementis,
1333 2324 1442 2395 prato,
1476 2327 1508 2377 et

405 2411 537 2477 redditu
570 2409 732 2493 predictis
762 2409 806 2473 ad
847 2409 1033 2492 predictam
1075 2409 1272 2474 Cantariam
1314 2411 1506 2477 faciendam

404 2511 504 2576 alicui
553 2509 745 2593 Capeliano
792 2508 918 2572 idoneo
963 2508 1117 2573 conferat
1163 2511 1223 2573 illa
1261 2511 1336 2575 vice
1374 2514 1508 2594 absque

404 2609 681 2676 contradiccione
699 2608 765 2672 mei
784 2609 836 2672 vel
856 2608 971 2673 hered.
993 2630 1160 2687 meorum,
1181 2612 1280 2673 saluo
1305 2611 1406 2675 nobis
1422 2612 1509 2675 alias

401 2710 476 2794 jure
502 2708 724 2794 presentandi
748 2729 827 2772 cum
853 2720 991 2792 tempus
1015 2711 1212 2774 vacacionis
1235 2710 1406 2774 acciderit.
1465 2711 1510 2773 Et

405 2832 470 2896 ego
494 2824 528 2875 et
552 2810 696 2875 heredes
721 2809 787 2873 mei
814 2807 965 2891 predicta
990 2811 1183 2895 mesuagia,
1211 2823 1328 2885 terras,
1358 2825 1505 2894 pratum,

405 2923 436 2975 et
463 2910 647 2987 redditum,
678 2930 757 2973 cum
790 2909 954 2972 omnibus
985 2910 1059 2973 suis
1092 2911 1324 2993 pertinenciis,
1356 2912 1509 2994 predicto
1540 2898 1542 2902 ¹

406 3010 485 3073 d‘no
502 3007 666 3072 Will’mo
681 3022 714 3073 et
733 3009 993 3073 successoribus
1017 3010 1090 3073 suis
1115 3009 1314 3093 Capellanis
1340 3012 1373 3073 in
1399 3010 1509 3074 forma

407 3108 557 3191 predicta
584 3121 704 3171 contra
731 3127 854 3171 omnes
885 3120 1008 3191 gentes
1036 3109 1339 3173 warantizabimus
1371 3110 1403 3172 in
1435 3131 1509 3193 per-

408 3221 560 3291 petuum.
612 3208 651 3269 ln
669 3208 768 3271 cuius
793 3207 838 3270 rei
864 3207 1101 3270 testimonium
1128 3208 1217 3271 hanc
1240 3220 1368 3271 cartam
1396 3230 1506 3273 meam

407 3308 438 3371 in
470 3321 540 3372 tres
573 3319 686 3391 partes
717 3305 790 3370 fieri
822 3306 885 3370 feci
917 3307 1079 3381 diuisam,
1110 3307 1154 3370 ad
1186 3329 1333 3389 quarum
1366 3309 1505 3391 quidem

407 3429 508 3471 vnam
540 3419 671 3491 partem
704 3427 809 3489 quam
842 3407 922 3470 volo
946 3407 1040 3488 quod
1066 3428 1172 3490 penes
1198 3407 1387 3489 predictum
1413 3407 1506 3470 d’nm

408 3506 542 3572 Will'm
575 3520 609 3571 et
642 3528 860 3571 successores
895 3527 979 3569 suos
1016 3519 1202 3583 remaneat,
1242 3507 1286 3570 Et
1320 3508 1428 3571 eciam
1465 3510 1508 3572 ad

407 3608 508 3672 aliam
529 3619 660 3690 partem
678 3606 833 3671 eiusdem
851 3627 956 3688 quam
975 3607 1056 3670 volo
1072 3607 1165 3689 quod
1185 3628 1290 3689 penes
1308 3607 1507 3690 Capitulum

407 3711 485 3774 eccl.
517 3709 560 3772 de
588 3705 706 3789 Ripon
733 3706 766 3768 in
791 3706 1007 3769 thesauraria
1030 3727 1093 3770 sua
1118 3706 1151 3768 in
1179 3720 1379 3790 perpetuam
1406 3709 1510 3773 huius

409 3810 452 3875 rei
493 3806 697 3872 memoriam
738 3807 971 3886 (remaneat),1
1005 3806 1161 3889 sigillum
1200 3827 1314 3871 meum
1346 3810 1506 3890 apposui.

408 3914 530 3979 Tercio
558 3932 641 3976 vero
666 3910 765 3993 parti,
792 3931 897 3992 quam
927 3911 1008 3973 volo
1037 3911 1122 3973 mihi
1151 3923 1184 3974 et
1210 3907 1395 3972 heredibus
1425 3908 1511 3972 meis

410 4033 596 4088 remanere,
635 4010 755 4094 sigillo
795 4010 935 4092 predicti
976 4009 1149 4073 Willclmi
1188 4029 1356 4092 appenso.
1430 4007 1511 4070 Hiis

408 4114 564 4186 testibuS,
602 4109 683 4174 d'no
712 4109 811 4192 Joh'e
850 4110 891 4172 de
932 4109 1130 4193 Marmyon,
1165 4109 1247 4172 d’no
1287 4106 1431 4190 Rogcro
1469 4109 1511 4172 de

411 4213 583 4295 Nunwyk,
614 4209 696 4273 d’no
727 4207 873 4272 Simone
898 4207 1022 4284 Ward,
1050 4208 1211 4272 Will'mo
1235 4208 1277 4270 de
1303 4205 1507 4280 Monketon,

410 4310 533 4375 Will’o
571 4310 613 4373 de
651 4307 802 4381 Aldfeld,
840 4307 964 4392 Joh'ne
998 4309 1155 4386 Huberd,
1193 4305 1317 4370 Nich'o
1350 4306 1507 4382 Huberd,

411 4409 570 4474 Will'mo
597 4410 752 4484 tinctore,
783 4422 816 4472 et
840 4407 929 4470 aliis.
981 4408 1061 4469 Dat.
1092 4407 1185 4489 apud
1217 4405 1334 4487 Ripon
1365 4405 1398 4467 in
1425 4404 1511 4468 festo

413 4508 553 4572 Natiuit.
583 4508 672 4571 beati
697 4506 806 4591 Joh’is
834 4506 932 4588 Bapt.
965 4506 1072 4568 Anno
1102 4504 1184 4567 D’ni
1214 4503 1336 4566 mill’io
1363 4516 1512 4567 trescen-

412 4610 532 4674 tesimo
559 4605 913 4681 vicesimosecundo,
941 4618 973 4668 et
996 4624 1090 4666 anno
1116 4603 1213 4686 regni
1239 4602 1332 4685 regis
1349 4601 1509 4666 Edwardi

414 4708 471 4789 (fil.
493 4708 585 4792 regis
603 4706 792 4788 Edwardi)1
810 4704 933 4787 quinto
950 4702 1085 4767 decimo
1102 4700 1253 4764 finiente.

476 4837 483 4859 ¹
502 4833 625 4883 Inserted
638 4834 715 4881 later.
