3950 5625
458 745 501 810 90
750 730 829 793 Tne
854 730 1009 794 Incrtuv
1034 731 1281 796 Manuscnrrr.

457 929 507 992 43.
844 921 931 1004 (139)
959 920 1016 984 Du
1039 937 1178 987 sonan.

284 1078 407 1138 After13
545 1085 646 1149 Omn.
674 1084 764 1148 horn.
793 1085 837 1148 ad
864 1105 951 1168 quos
976 1106 1025 1168 pr.
1049 1105 1112 1150 scr.
1136 1086 1339 1170 peruenerit,
1363 1086 1474 1150 Alicia
1498 1108 1568 1171 que

263 1145 338 1209 Μ’
357 1158 403 1207 ¹²⁷
407 1160 430 1194 ²·
458 1187 524 1251 fuit
539 1208 627 1252 vxor
641 1188 743 1252 wan
760 1189 847 1252 aba
863 1188 905 1252 de
920 1188 1069 1264 aidan,
1085 1210 1133 1254 sa.
1151 1190 1185 1253 m
1202 1189 1293 1254 n'no
1308 1191 1566 1273 sempiternam.

458 1290 545 1355 Nou.
571 1313 626 1356 me
650 1292 683 1356 in
708 1293 845 1375 propria
869 1292 1040 1356 viduitate
1064 1314 1141 1357 mea
1164 1299 1199 1358 et
1223 1293 1258 1358 in
1281 1294 1368 1379 ligea
1391 1300 1568 1378 potestate

456 1415 533 1459 mea
559 1396 772 1471 concessisse,
800 1397 1026 1472 renunciasse,
1055 1397 1251 1482 resignasse,
1279 1398 1465 1474 abiurasse,
1493 1399 1565 1482 qui.

455 1500 517 1564 cla.
536 1506 570 1563 et
589 1521 639 1583 pr.
661 1521 722 1564 scr.
741 1521 785 1564 m.
804 1501 892 1564 conf.
911 1501 953 1564 de
972 1522 1027 1564 me
1047 1507 1081 1564 et
1100 1502 1169 1566 her.
1191 1522 1236 1566 m.
1257 1502 1312 1565 vel
1332 1502 1455 1586 assign.
1477 1501 1568 1566 d'nis

456 1603 544 1668 Rob.
564 1603 606 1667 de
623 1604 849 1687 Almanbyry,
870 1604 942 1668 Ric.
962 1605 1005 1668 de
1023 1605 1166 1688 Topclit,
1186 1605 1272 1690 Rog‘
1292 1606 1335 1669 de
1352 1606 1455 1680 Caue,
1476 1606 1565 1671 Rob.

455 1709 497 1772 de
526 1708 670 1783 Multon,
700 1708 813 1772 Will'o
841 1708 882 1771 de
912 1709 1103 1793 Bondgate,
1133 1716 1167 1773 et
1195 1709 1308 1773 Will’o
1336 1710 1430 1774 dicto
1459 1711 1565 1785 teuer,

455 1812 590 1876 vicariis
605 1811 717 1876 eccl'ie
732 1812 798 1876 S'ci
813 1812 921 1876 Wilir.
938 1813 980 1876 de
996 1812 1122 1896 Ripon’
1139 1819 1173 1875 et
1188 1834 1277 1877 succ.
1293 1833 1319 1877 s.
1336 1834 1398 1896 pro
1412 1813 1566 1897 quadam

454 1936 590 1981 summa
606 1917 749 1999 pecunie
766 1937 871 2001 quam
890 1915 973 1980 dicti
991 1917 1109 1980 vicarii
1126 1917 1295 1981 dederunt
1313 1917 1416 1980 michi
1434 1917 1470 1980 in
1488 1938 1566 1981 mea

454 2020 657 2084 necessitate
688 2040 747 2103 pre
778 2020 948 2094 manibus,
981 2026 1096 2084 totum
1127 2020 1179 2084 ius
1211 2026 1245 2084 et
1276 2020 1438 2084 clamium
1469 2021 1565 2104 quod

454 2144 609 2207 vnquam
627 2124 732 2187 habui
750 2124 805 2186 vel
823 2123 938 2206 aliquo
957 2129 1111 2206 tempore
1129 2124 1254 2187 habere
1272 2124 1407 2206 speraui
1425 2123 1566 2187 nomine

454 2227 545 2291 dotis
583 2228 617 2291 in
655 2233 731 2292 toto
768 2227 825 2290 illo
863 2232 1061 2291 tenemento
1098 2248 1177 2291 cum
1214 2227 1433 2311 pertinenciis
1471 2227 1565 2310 apud

454 2331 701 2406 Norhthouses,
725 2329 819 2414 quod
840 2330 980 2414 quidem
1003 2336 1240 2394 tenementum
1262 2331 1355 2413 pred.
1380 2330 1489 2394 Will’s
1511 2331 1566 2394 vir

453 2455 549 2500 meus
569 2435 726 2499 vendidit
747 2433 924 2519 quondam
945 2434 1027 2498 d’no
1047 2434 1160 2498 Will'o
1180 2434 1211 2497 le
1231 2434 1372 2498 Vawsor
1392 2433 1565 2498 Canonico

455 2539 606 2622 Ripon’,¹
629 2540 708 2602 hab.
732 2544 766 2602 et
788 2544 856 2602 ten.
880 2537 961 2602 eisd.
985 2538 1088 2602 vicar.
1114 2543 1148 2601 et
1169 2558 1258 2602 succ.
1279 2558 1305 2602 s.
1328 2537 1361 2602 li.
1384 2537 1454 2621 qui.
1478 2538 1565 2602 bene

454 2649 488 2707 et
508 2643 543 2707 in
563 2659 671 2727 pace2
691 2643 725 2706 in
745 2663 839 2726 perp.
888 2642 944 2706 Ita
959 2641 1054 2725 quod
1071 2662 1134 2705 nec
1150 2662 1212 2726 ego
1228 2641 1338 2706 Alicia
1358 2661 1420 2705 nec
1440 2640 1564 2725 aliquis

375 2823 378 2829 Ι
453 2747 566 2811 hered.
585 2767 688 2811 meor.
706 2747 760 2809 vel
777 2746 977 2831 assignator.
996 2767 1059 2809 nec
1075 2746 1198 2830 aliquis
1214 2766 1274 2829 per
1289 2765 1344 2809 me
1360 2745 1415 2808 vel
1430 2765 1492 2829 pro
1508 2765 1564 2808 me

454 2852 584 2935 aliquid
613 2852 665 2916 ius
693 2852 747 2915 vel
776 2852 838 2915 cla.
870 2851 904 2915 in
933 2850 1027 2934 pred.
1058 2857 1183 2914 tenem.
1214 2850 1352 2914 nomine
1381 2849 1472 2914 dotis
1500 2870 1563 2913 nec

454 2956 569 3040 aliquo
593 2956 696 3020 modo
720 2956 762 3019 de
785 2963 899 3019 cetero
922 2956 1055 3038 exigere
1079 2955 1134 3018 vel
1157 2954 1339 3018 vendicare
1362 2953 1561 3037 poterimus,

454 3061 495 3125 In
515 3082 542 3124 c.
564 3081 589 3124 r.
611 3066 636 3124 t.
658 3080 707 3144 pr.
729 3081 791 3124 scr.
812 3060 872 3144 sig.
894 3080 938 3123 m.
961 3059 1115 3143 apposui.
1165 3059 1208 3122 H.
1231 3065 1268 3134 t.,
1289 3058 1371 3122 d’no
1390 3057 1501 3121 Alano
1520 3056 1563 3121 de

453 3164 601 3240 Aldield,
621 3164 739 3239 milite,
760 3170 795 3227 et
814 3164 944 3228 ceteris.

841 3354 928 3437 (140)
957 3353 1013 3416 Da
1037 3370 1174 3417 nonan.

541 3524 653 3587 Omn.,
671 3521 716 3585 ad
743 3541 829 3605 quos
856 3541 905 3603 pr.
935 3540 997 3584 scr.
1027 3520 1230 3603 peruenerit,
1259 3520 1344 3604 Rog.
1374 3520 1484 3594 Stute,
1511 3540 1560 3583 sa.

453 3627 541 3691 Nou.
567 3647 621 3689 me
644 3626 817 3691 abiurasse
840 3624 874 3687 in
897 3624 999 3707 pleno
1021 3624 1174 3707 capitulo
1198 3624 1321 3707 Ripon'
1347 3624 1473 3708 etqui.
1498 3624 1559 3688 cla.

452 3751 514 3815 pro
538 3751 592 3794 me
617 3735 651 3793 et
676 3730 744 3793 her.
769 3749 813 3792 m.
836 3727 991 3792 Gamello
1015 3728 1135 3811 pistori
1160 3734 1194 3792 et
1218 3729 1287 3791 her.
1309 3748 1348 3803 s.,
1372 3733 1486 3791 totum
1510 3727 1562 3792 ius

452 3834 546 3919 quod
568 3834 673 3898 habui
695 3833 729 3897 in
751 3833 842 3896 tofto
863 3832 957 3916 quod
978 3838 1030 3895 est
1052 3832 1150 3896 iuxta
1172 3833 1301 3896 toftum
1323 3831 1427 3896 Walt’
1450 3830 1562 3896 Sureis

452 3959 570 4003 versus
592 3944 707 4022 partes
729 3936 905 4011 australes,
929 3936 1021 3999 vnde
1042 3936 1082 3999 lis
1104 3942 1200 3999 mota
1222 3936 1288 3999 fuit
1309 3936 1399 3999 inter
1419 3956 1482 3999 nos
1503 3955 1563 4018 per

451 4043 568 4107 literas
604 4042 675 4106 d’ni
712 4041 815 4125 legati
852 4041 886 4104 in
923 4039 1083 4123 Capitulo
1120 4040 1235 4115 Ebor,
1273 4060 1389 4103 coram
1426 4039 1562 4125 Mag'ris

452 4146 614 4211 Gadardo
646 4145 892 4229 penitenciario
924 4150 958 4207 et
991 4143 1105 4207 Will'o
1137 4144 1179 4207 de
1212 4144 1357 4218 Lanum,
1390 4144 1562 4208 canonicis

453 4251 556 4315 Ebor.
605 4250 652 4313 Et
670 4254 709 4312 vt
728 4249 790 4312 hec
808 4248 877 4332 qui.
898 4249 960 4311 cla.
981 4253 1058 4311 rata
1077 4254 1111 4311 et
1130 4248 1331 4312 inconcussa
1349 4253 1560 4330 permaneat,

454 4356 518 4419 hoc
555 4354 722 4437 scriptum
759 4352 819 4436 sig.
859 4352 926 4416 mei
964 4351 1182 4435 apposicione
1220 4352 1389 4416 roboraui.
1438 4352 1482 4415 H.
1521 4357 1559 4427 t.,

454 4458 584 4544 Mag’ro
603 4457 635 4539 J.
657 4456 815 4520 Romano
835 4462 869 4519 et
887 4456 1018 4520 ceteris.

523 4649 538 4707 ἶ
552 4678 594 4727 ne
608 4678 672 4726 enea
686 4677 753 4741 Jury
771 4688 808 4737 13,
828 4688 910 4737 1272;
931 4676 1015 4724 Mem.
1037 4674 1111 4737 nep„
1127 4674 1164 4731 11,
1184 4677 1239 4734 198.

523 4790 532 4812 ²
551 4782 606 4831 MS.
621 4780 672 4830 has
687 4787 701 4803 ‘¹
713 4780 812 4845 pane.’'
