3950 5625
448 718 512 784 ¹174
735 704 813 768 Tur
838 704 995 768 lncrcar
1019 704 1265 770 Manuscnn’r.

448 881 731 958 administrando,
752 883 918 968 nobisque
937 883 979 947 de
999 889 1034 948 et
1053 904 1155 967 super
1173 883 1476 948 administracione
1489 893 1557 948 ‘sua

447 985 482 1049 in
514 987 612 1050 bonis
644 987 725 1071 ipsis
757 987 891 1052 fidelem
922 994 1123 1071 compotum
1155 988 1242 1052 citra
1273 988 1401 1052 festum
1434 988 1555 1052 Pasch.

448 1111 544 1173 prox.
569 1091 725 1156 futurum
748 1091 921 1156 reddendo
945 1091 990 1156 ad
1012 1099 1133 1156 sancta
1156 1092 1220 1156 Dei
1243 1092 1420 1177 euangelia
1443 1093 1558 1157 iurato

448 1196 628 1260 commissa
648 1196 765 1260 extitit
785 1203 819 1260 et
838 1216 899 1279 per
917 1195 1064 1261 eundem
1084 1196 1234 1260 admissa
1252 1196 1287 1260 in
1307 1196 1426 1260 debita
1446 1196 1558 1261 tonna

448 1299 539 1373 iuris,
563 1307 736 1364 reseruata
758 1300 856 1365 nobis
878 1307 1052 1384 potestate
1074 1299 1314 1365 committendi
1337 1300 1557 1365 administra-

394 1478 398 1489 Ι
447 1403 579 1467 cionem
607 1405 776 1468 bonorum
804 1404 999 1469 huiusmodi
1027 1405 1104 1487 alijs
1131 1404 1371 1469 executoribus
1399 1405 1434 1469 in
1463 1405 1557 1469 dicto

448 1513 657 1572 testamento
688 1509 875 1572 nominatis
906 1529 985 1572 cum
1017 1529 1093 1572 eam
1125 1509 1281 1572 venerint
1314 1508 1465 1592 legitime
1498 1508 1557 1573 ad-

447 1611 591 1675 missuri.
639 1613 719 1676 Dat.
748 1612 802 1676 die
828 1613 901 1676 loco
927 1633 1042 1677 mense
1068 1619 1103 1676 et
1128 1633 1220 1676 anno
1246 1613 1326 1676 D’ni
1350 1613 1558 1696 supradictis

447 1720 481 1779 et
508 1722 623 1779 nostre
654 1717 891 1780 translacionis
922 1738 1013 1781 anno
1045 1716 1313 1800 quartodecimo
1363 1718 1409 1781 Et
1441 1718 1557 1781 subse-

446 1825 601 1903 quenter,
617 1820 681 1885 viz,
697 1826 770 1884 xv10
782 1820 836 1884 die
849 1821 974 1884 mensis
987 1820 1192 1885 Nouembris
1204 1821 1400 1885 Anno-D’ni
1414 1821 1557 1886 Mill’mo

447 1933 562 1989 cccc”¹⁰
577 1924 708 1989 decimo
722 1925 756 1988 in
769 1925 921 1988 interiori
934 1925 1084 1989 claustro
1101 1925 1249 1989 fratrum
1262 1924 1390 1989 ordinis
1402 1926 1556 2008 predica-

448 2035 572 2103 torum,
604 2028 770 2104 London’,
802 2014 1060 2093 administracio
1089 2029 1243 2093 omnium
1272 2031 1442 2093 bonorum
1472 2030 1557 2095 dicti

446 2133 600 2197 defuncti
631 2133 763 2214 dilectis
794 2134 828 2196 in
860 2154 929 2216 xpo
960 2133 1040 2213 filiis
1073 2133 1161 2197 d’nis
1198 2133 1346 2197 Henrico
1378 2134 1554 2218 Jolypase,

446 2238 632 2322 capellan0,
670 2259 709 2301 ac
744 2237 931 2301 camerario
966 2238 1045 2301 eccl.
1083 2237 1149 2301 S'ci
1186 2237 1284 2301 Pauli
1319 2237 1483 2320 predicte,
1521 2246 1556 2302 et

446 2342 595 2407 Will'mo
621 2341 778 2426 Wryght,
808 2342 946 2405 Rectori
972 2342 1051 2405 eccl.
1080 2341 1146 2405 S'ci
1173 2341 1346 2405 Michaelis
1373 2341 1417 2406 ad
1444 2343 1556 2426 ripam

448 2447 576 2532 Regine
617 2445 783 2521 London’,
826 2446 1066 2510 executoribus
1107 2446 1141 2508 in
1183 2446 1303 2509 eodem
1344 2452 1556 2512 testamento

446 2551 632 2614 nominatis
653 2551 687 2613 in
709 2550 819 2614 forma
840 2549 996 2632 superius
1016 2549 1212 2633 specificata
1233 2550 1350 2614 extitit
1372 2552 1556 2616 commissa

446 2661 480 2718 et
508 2675 569 2739 per
596 2655 733 2718 eosdem
761 2654 919 2718 admissa.
968 2654 1048 2718 Dat.
1079 2654 1187 2717 eciam
1215 2654 1279 2728 die,
1309 2654 1394 2729 loc0,
1424 2676 1552 2732 mense,

446 2765 480 2823 et
508 2779 598 2823 anno
625 2759 706 2822 D’ni
732 2779 827 2842 prox,
856 2758 1072 2842 supradictis,
1100 2764 1134 2822 et
1161 2765 1276 2823 nostre
1302 2758 1554 2824 Translacionis

446 2864 597 2948 predicte
617 2884 707 2927 anno
726 2863 993 2947 quintodecimo
1260 2874 1262 2878 ’

445 3116 494 3181 66.
574 3121 661 3204 (257)
707 3120 943 3204 (Nomination
980 3125 1018 3183 to
1058 3119 1215 3204 vicarage
1256 3119 1292 3183 of
1327 3120 1480 3203 prebend
1517 3121 1553 3184 of

490 3226 653 3307 Sharow).

533 3405 742 3472 Reuerendis
777 3412 812 3469 et
848 3404 1002 3468 discretis
1038 3404 1119 3468 viris
1155 3404 1314 3489 Capitulo
1349 3405 1429 3470 eccl.
1468 3405 1549 3470 Coll

445 3512 581 3597 Ripon’,
596 3511 772 3594 Johannes
784 3510 825 3573 de
838 3508 1098 3591 Hermesthorp,
1112 3507 1303 3573 Canonicus
1315 3515 1349 3572 et
1362 3510 1551 3593 prebenda-

443 3617 513 3681 rius
553 3615 724 3699 prebende
766 3613 807 3678 de
849 3613 1025 3677 Sharrowe
1066 3612 1101 3676 in
1142 3611 1272 3689 eadem,
1315 3614 1551 3678 omnimodam

444 3720 673 3785 reuerenciam
703 3717 857 3782 debitam
886 3738 965 3782 cum
995 3717 1132 3781 honore.
1180 3716 1235 3781 Ad
1264 3717 1428 3781 vicariam
1459 3717 1551 3783 dicte

444 3823 615 3910 prebende
632 3828 815 3887 vacantem
832 3828 866 3886 et
883 3821 927 3886 ad
947 3842 1060 3886 meam
1081 3822 1374 3910 presentacionem
1394 3830 1551 3905 spectan-

444 3935 525 4004 tem,
562 3928 725 3991 dilectum
763 3926 866 3990 michi
905 3926 940 3990 in
978 3946 1048 4010 xpo
1084 3926 1180 3990 d’nm
1220 3925 1388 3990 Rob’tum
1428 3927 1549 4002 Merot,

445 4033 677 4117 Capellanum,
717 4030 815 4094 vobis
857 4036 1016 4114 presento
1055 4030 1185 4094 intuitu
1224 4030 1388 4105 caritatis
1428 4051 1552 4116 rogans

444 4143 615 4221 quatenus
656 4135 746 4198 d’cm
786 4134 882 4197 d'nm
923 4134 1091 4198 Rob’tum
1131 4134 1176 4197 ad
1217 4134 1346 4197 dictam
1387 4134 1552 4199 vicariam

444 4240 639 4305 admittatis
658 4244 692 4301 et
711 4238 823 4321 ipsum
842 4238 1033 4302 instituatis
1052 4244 1154 4321 prout
1173 4238 1276 4301 moris
1295 4245 1346 4302 est
1366 4238 1399 4302 in
1419 4239 1550 4315 eadem,

444 4351 479 4409 et
494 4344 585 4408 vltra
599 4341 712 4406 velitis
725 4362 885 4427 peragere
898 4362 965 4426 que
980 4342 1079 4406 vobis
1093 4342 1298 4406 incumbunt
1313 4341 1347 4405 in
1363 4343 1427 4406 hac
1441 4350 1549 4426 parte.

446 4450 486 4513 In
511 4466 658 4532 quorum
684 4445 920 4509 testimonium
945 4446 1161 4529 presentibus
1186 4445 1333 4529 sigillum
1358 4466 1474 4510 meum
1500 4452 1551 4511 est

445 4571 645 4637 appensum.
693 4549 773 4613 Dat.
794 4549 828 4612 in
846 4549 1008 4633 hospitali
1026 4549 1099 4613 S’ce
1119 4549 1283 4612 Katerine
1301 4550 1400 4614 iuxta
1417 4550 1552 4615 Turrim

445 4654 611 4729 London’,
628 4651 791 4717 vicesimo
810 4652 865 4717 die
884 4653 1010 4717 mensis
1029 4652 1159 4736 Marcij,
1176 4652 1277 4715 Anno
1297 4654 1378 4717 D'ni
1398 4655 1552 4721 Mill’imo

444 4770 538 4826 ccc¹¹¹o
557 4756 785 4839 Nonagesimo
804 4778 905 4823 nono.
1009 4822 1012 4827 ,
