3950 5625
461 754 526 820 250
746 740 826 805 Tua
851 740 1008 806 lucum*
1033 741 1281 806 Manuscnrrr.

261 916 316 964 and
330 916 431 964 ucenoe
458 917 578 1002 Anglie
602 925 637 983 et
651 920 803 984 'Francie
828 920 985 999 illustris„
1005 942 1046 985 ac
1070 921 1178 985 eciam
1202 920 1407 984 venerabilis
1431 921 1466 985 in
1490 921 1560 1004 Xpo

266 982 416 1112 Ttsslelt',
457 1023 566 1106 patris
596 1029 631 1087 et
662 1023 744 1100 ani,
776 1025 847 1088 uni
879 1024 1001 1108 Joh’is,
1034 1025 1098 1088 uei
1128 1025 1243 1109 gracia
1274 1025 1378 1089 Ebot.
1411 1024 1559 1108 Arcuiep.

457 1126 555 1211 Angl.
576 1128 747 1203 Primatis,
767 1135 801 1192 et
819 1129 1016 1213 Apostolice
1033 1129 1122 1193 sedis
1139 1130 1254 1214 legati,
1273 1150 1406 1193 necnon
1425 1129 1563 1194 aliorum

455 1233 610 1295 omnium
638 1253 785 1317 quorum
815 1234 958 1297 interest
987 1233 1131 1309 dedisse,
1161 1234 1377 1309 concessisse,
1408 1239 1444 1297 et
1473 1234 1505 1298 h.
1533 1255 1562 1318 p.

455 1356 483 1400 c.
506 1356 551 1401 m.
574 1337 793 1402 confirmasse
815 1338 899 1414 Deo,
921 1340 1023 1402 beate
1045 1338 1160 1413 Made,
1183 1344 1218 1401 et
1239 1338 1400 1402 omnibus
1422 1339 1564 1413 Sanctis,

455 1446 490 1503 et
515 1439 597 1504 d’no
621 1440 734 1505 Will'o
758 1441 800 1505 de
825 1441 1024 1524 Plumpton,
1043 1441 1237 1525 Capellam,
1259 1447 1294 1505 et
1319 1443 1566 1506 successoribus

455 1544 525 1608 suis
549 1545 751 1629 Capellanis,
780 1545 899 1610 diuina
930 1546 1035 1610 modo
1066 1552 1101 1609 et
1133 1546 1244 1610 forma
1275 1543 1505 1631 infrascriptis
1534 1547 1565 1610 in

455 1649 607 1733 quadam
621 1650 759 1734 Capella
773 1652 873 1715 beate
889 1651 994 1715 Marie
1008 1651 1156 1735 Virginis
1170 1651 1204 1714 in
1219 1650 1301 1714 villa
1316 1650 1358 1714 de
1373 1650 1566 1715 Clotherom

455 1754 596 1830 situata,
623 1775 685 1838 pro
720 1757 901 1820 animabus
936 1755 1162 1838 infrascriptis
1197 1755 1454 1839 imperpetuum
1489 1755 1566 1820 cele·

261 1865 441 1916 ;nd0wments
455 1859 615 1934 braturis,
633 1880 741 1923 vnum
757 1860 982 1944 mesuagium,
1003 1866 1072 1924 tres
1089 1879 1184 1923 acras
1207 1859 1308 1942 prati,
1333 1865 1368 1922 et
1391 1861 1568 1945 sexaginta

455 1969 490 2026 et
516 1962 688 2028 sexdecim
715 1964 881 2028 solidatas
908 1963 1064 2029 redditus
1090 1984 1169 2027 cum
1196 1963 1319 2047 pertin.
1348 1964 1383 2027 in
1411 1964 1503 2028 villis
1528 1964 1565 2028 de

455 2067 651 2132 Clotherom
691 2074 726 2132 et
766 2069 915 2152 Ripon’;
956 2067 1106 2132 Tenend.
1148 2074 1183 2132 et
1222 2068 1371 2132 habend.
1413 2069 1566 2152 predicta

455 2172 679 2256 mesuagium,
709 2178 778 2236 tres
806 2193 902 2236 acras
930 2172 1032 2256 prati,
1062 2178 1097 2236 et
1124 2172 1305 2256 sexaginta
1332 2178 1367 2235 et
1395 2173 1565 2237 sexdecim

454 2275 620 2340 solidatas
636 2276 802 2351 redditus,
820 2297 899 2341 cum
916 2276 1076 2341 omnibus
1097 2277 1220 2360 pertin.
1238 2276 1318 2351 suis,
1336 2276 1475 2360 prefato
1492 2276 1567 2341 d’no

454 2380 567 2444 Will'o
590 2380 775 2465 Capellano
798 2387 832 2444 et
855 2402 944 2446 succ.
969 2402 995 2445 S.
1020 2380 1212 2464 Capellanis
1234 2380 1353 2444 diuina
1375 2381 1411 2445 in
1434 2382 1567 2465 prefata

454 2484 591 2569 Capella
611 2486 644 2549 b.
664 2486 770 2549 Marie
787 2485 829 2549 de
846 2484 1044 2549 Clotherum
1060 2491 1100 2548 vt
1117 2485 1332 2569 premittitur
1348 2484 1567 2550 celebraturis

453 2609 515 2672 pro
540 2590 721 2654 animabus
745 2589 982 2673 infrascriptis,
1009 2590 1123 2664 libere,
1148 2589 1275 2673 quiete,
1301 2589 1444 2673 integre,
1470 2591 1564 2664 bene,

453 2699 488 2757 et
516 2694 551 2757 in
580 2714 674 2776 pace,
705 2692 747 2757 de
776 2693 990 2777 Capitalibus
1018 2694 1109 2758 d’nis
1133 2693 1312 2758 feodorum
1334 2693 1482 2770 illorum,
1512 2713 1569 2778 per

453 2798 597 2863 seruicia
624 2798 703 2863 inde
731 2798 851 2863 debita
874 2804 909 2862 et
932 2805 1108 2874 consueta,
1133 2798 1400 2883 imperpetuum,
1430 2799 1466 2864 in
1494 2795 1565 2884 pur'.

453 2910 488 2966 et
511 2923 606 2987 perp.
631 2903 672 2967 el.
698 2904 787 2967 sicut
811 2904 927 2988 aliqua
951 2909 1149 2967 tenementa
1173 2903 1326 2987 quiecius
1348 2924 1408 2968 seu
1432 2904 1568 2968 liberius

454 3007 539 3083 dari,
562 3006 713 3083 concedi,
737 3008 883 3072 conferri
905 3014 1070 3092 poterunt
1092 3028 1152 3071 seu
1174 3007 1283 3072 eciam
1304 3006 1483 3091 possideri,
1506 3008 1567 3073 sub

454 3113 519 3176 hac
535 3118 652 3176 tamen
669 3112 889 3176 ordinacione
906 3132 983 3176 mea
999 3133 1066 3196 que
1082 3112 1239 3195 sequitur
1253 3112 1288 3175 in
1305 3112 1399 3176 hunc
1414 3113 1566 3177 modum.

261 3298 387 3362 lhapiain
401 3303 432 3347 to
545 3295 583 3357 In
617 3294 748 3373 primis,
774 3292 854 3356 volo
878 3297 913 3355 et
940 3297 1113 3376 quatenus
1137 3291 1181 3355 ad
1208 3311 1263 3354 me
1291 3290 1419 3355 attinet
1448 3290 1567 3355 ordino

261 3365 440 3495 ξῒξζωέξξῗ
455 3397 490 3461 in
513 3396 579 3481 hijs
602 3397 748 3481 scriptis,
766 3396 861 3481 quod
877 3396 992 3460 dictus
1015 3396 1092 3460 d'ns
1114 3394 1284 3459 Will'mus
1306 3394 1513 3479 Capellanus
1533 3400 1567 3459 et

261 3565 265 3574 ,
293 3504 338 3591 fef
352 3499 393 3574 ¹9¹
454 3522 663 3566 successores
682 3501 735 3565 sui
755 3500 929 3584 Capellani
949 3501 1009 3584 qui
1029 3520 1091 3583 pro
1112 3506 1266 3583 tempore
1285 3499 1415 3563 fuerint
1435 3519 1497 3583 per
1515 3519 1567 3563 me

261 3570 419 3694 ¹3J¹tth¹ffl
454 3605 621 3690 quamdiu
652 3606 771 3669 vixero
802 3610 837 3668 et
870 3610 949 3688 post
980 3604 1157 3668 decessum
1189 3624 1305 3667 meum
1336 3623 1397 3687 per
1428 3603 1567 3668 heredes

454 3731 547 3774 meos
572 3710 760 3774 venerabili
786 3709 948 3793 Capitulo
974 3709 1053 3774 eccl.
1083 3709 1206 3792 Ripon'
1234 3707 1323 3772 infra
1348 3708 1472 3792 viginti
1498 3708 1567 3773 dies

453 3836 474 3878 a
512 3821 665 3898 tempore
704 3813 887 3878 cuiuslibet
925 3819 1007 3877 note
1044 3813 1239 3877 vacacionis
1277 3812 1369 3876 dicte
1406 3812 1567 3877 Cantarie

452 3925 718 4003 presententur,1
755 3924 790 3982 et
823 3938 883 4002 per
923 3917 1057 3982 dictum
1098 3916 1296 4001 Capitulum
1338 3916 1568 3982 instituantur

452 4023 614 4087 canonice
646 4023 681 4086 in
713 4021 843 4087 eadem.
892 4022 927 4086 Si
958 4042 1040 4086 vero
1072 4043 1134 4106 ego
1165 4021 1220 4084 vel
1252 4020 1392 4084 heredes
1424 4020 1492 4084 mei
1523 4019 1565 4084 ad

452 4127 651 4191 Cantariam
670 4126 818 4190 eandem
835 4126 925 4190 infra
946 4126 1143 4190 huiusmodi
1162 4125 1286 4210 viginti
1306 4123 1378 4188 dies
1397 4126 1442 4188 ab
1461 4124 1565 4207 ipsius

452 4231 646 4296 vacacionis
684 4237 838 4315 tempore
875 4232 1038 4295 continue
1074 4229 1305 4295 numerandos
1342 4228 1565 4311 Capellanum

452 4336 626 4420 ydoneum
645 4336 858 4399 omiserimus
877 4356 937 4399 seu
956 4335 1190 4399 distulerimus
1209 4339 1416 4417 presentare,
1438 4338 1564 4397 extunc

452 4439 543 4504 idem
560 4439 758 4524 Capitulum
775 4440 864 4503 infra
881 4440 966 4503 alios
983 4460 1080 4523 prox.
1099 4445 1227 4502 extunc
1243 4442 1425 4522 sequentes
1442 4436 1563 4521 viginti

452 4543 524 4608 dies
546 4544 717 4628 prefatam
740 4543 939 4608 Cantariam
962 4542 1148 4625 Capellano
1171 4541 1306 4626 ydoneo
1327 4540 1507 4604 conferant
1529 4545 1563 4603 et

452 4648 638 4733 disponant
656 4648 714 4712 illa
732 4647 806 4711 vice
824 4647 928 4711 libere
947 4646 989 4710 de
1007 4646 1138 4711 eadem.
1187 4648 1234 4709 Et
1252 4645 1280 4709 si
1298 4644 1413 4707 forsan
1431 4643 1562 4707 dictum

523 4856 530 4879 ¹
550 4850 606 4899 MS.
621 4849 671 4897 bas
687 4848 864 4913 ''p'sentur.''
