3950 5625
777 700 870 765 Acrs
894 718 939 766 or
962 701 1140 766 emman.
1451 718 1511 782 141

409 886 535 964 prestet
547 886 581 944 et
594 880 698 944 faciat
709 901 825 944 coram
836 880 996 964 Capitulo
1006 886 1208 955 memorato,
1220 880 1313 965 quod
1325 879 1512 945 secundum

408 986 563 1061 formam,
605 984 757 1060 modum,
799 991 832 1049 et
873 984 1108 1049 ordinaciones
1148 985 1312 1069 predicta,
1354 985 1513 1049 Cantarie

387 1090 390 1095 ⁴
408 1089 557 1173 predicte
569 1089 738 1153 deseruiet
750 1088 916 1173 quamdiu
929 1089 1039 1173 ipsam
1052 1090 1272 1173 occupauerit
1285 1090 1338 1153 vel
1352 1090 1511 1164 tenuerit,

407 1200 440 1258 et
481 1193 670 1259 secundum
711 1194 892 1259 seruicium
934 1194 966 1258 in
1011 1194 1120 1258 forma
1163 1194 1317 1278 predicta
1358 1195 1513 1278 superius

407 1299 549 1362 recitata
564 1298 743 1380 diligenter
757 1303 791 1361 et
806 1297 951 1362 fideliter
966 1299 1068 1363 faciet
1083 1305 1117 1363 et
1132 1300 1328 1383 complebit.

431 1455 517 1537 (215)
548 1453 653 1535 (Aors
677 1471 723 1517 or
745 1452 914 1517 Canprnu
938 1470 975 1517 ru
1002 1451 1179 1516 Gaurum
1202 1451 1487 1533 Couvocnrrou).

409 1593 469 1676 (59)
494 1594 582 1658 Acta
610 1595 644 1659 in
673 1594 819 1680 generali
849 1594 1097 1658 conuocacione
1126 1593 1335 1678 singulorum
1365 1594 1510 1657 fratrum
1588 1607 1684 1671 ¹49¹„

405 1704 438 1762 et
463 1698 711 1764 Canonicorum
738 1699 862 1783 Ripon'
889 1698 1026 1762 ecclesie
1051 1719 1112 1782 per
1136 1697 1333 1781 Capitulum
1359 1697 1509 1762 eiusdem
1562 1663 1636 1725 ΛΡΝ,
1654 1665 1693 1710 ψ’

405 1803 544 1868 ecclesie
570 1804 624 1868 die
656 1805 785 1878 Martis,
818 1803 977 1867 videlicet
1009 1804 1042 1867 in
1075 1803 1224 1867 crastino
1256 1803 1372 1867 Sancti
1406 1803 1508 1866 Marci

405 1907 621 1992 Euangeliste
645 1908 815 1972 celebrata
839 1907 939 1971 Anno
963 1907 1034 1971 d’ni
1059 1907 1236 1971 Millesimo
1259 1920 1377 1971 ccccm0
1400 1908 1511 1990 primo

406 2011 445 2075 de
464 2013 636 2077 communi
656 2012 795 2076 consilio
814 2019 847 2075 et
867 2011 908 2075 de
928 2012 1082 2076 vnanimi
1102 2032 1241 2076 assensu
1260 2011 1509 2076 Canonicorum

406 2121 486 2180 tunc
511 2116 638 2180 ibidem
663 2117 885 2200 presencium,
913 2122 946 2180 et
973 2124 1234 2200 procuratorum
1261 2116 1509 2181 Canonicorum

406 2221 610 2285 absencium.

492 2350 531 2414 In
553 2349 680 2434 primis,
703 2349 899 2414 ordinatum
921 2356 954 2412 et
976 2355 1150 2414 statutum
1171 2356 1233 2424 est,
1255 2349 1348 2434 quod
1369 2349 1509 2435 quando
1545 2345 1708 2461 ἓξὲξξὲῖιῗξ)

406 2453 505 2518 fuerit
525 2455 729 2519 conuocacio
749 2453 961 2529 celebranda,
982 2454 1081 2518 litera
1100 2454 1276 2517 citacionis
1294 2461 1430 2519 emanet
1450 2475 1510 2538 per
1523 2493 1557 2541 go
1576 2484 1626 2527 ont
1647 2481 1723 2528 three

406 2563 472 2621 tres
492 2558 702 2641 septimanas
723 2565 803 2622 ante
824 2559 936 2642 ipsum
957 2557 1047 2621 diem
1069 2559 1338 2633 conuocacionis‚
1361 2566 1395 2622 et
1415 2559 1509 2644 quod
1523 2547 1725 2661 ζνξξιξὸοοῑζξξὲἓθ

406 2659 438 2724 in
460 2660 526 2725 fine
548 2661 725 2726 citacionis
746 2663 808 2726 hec
830 2663 981 2726 clausula
1004 2663 1183 2738 inseratur,
1208 2663 1336 2747 “quod
1359 2664 1386 2727 si
1409 2663 1509 2728 dictis
1539 2650 1542 2656 ¹
1636 2644 1643 2661 ‘

405 2765 457 2830 die
477 2772 511 2830 et
531 2765 605 2831 loco
625 2787 694 2831 vna
714 2767 893 2832 nobiscum
914 2767 1075 2832 canonice
1095 2767 1263 2852 prepediti
1284 2789 1351 2833 non
1373 2768 1509 2852 possitis

405 2872 626 2953 personaliter
648 2872 818 2947 interesse,
845 2873 993 2957 aliquem
1018 2872 1059 2935 de
1083 2873 1242 2956 Capitulo
1265 2880 1383 2937 nostro
1406 2894 1509 2958 quem

405 2974 570 3040 duxeritis
609 2976 812 3060 eligendum,
857 2977 915 3061 qui
961 2976 1044 3040 velit
1089 2978 1312 3060 personaliter
1349 2978 1509 3042 interesse

405 3085 556 3144 vestrum
592 3080 811 3145 constituatis
845 3089 1113 3165 procuratorem,
1150 3082 1272 3146 dantes
1307 3083 1336 3146 ei
1372 3083 1509 3166 plenam

404 3191 612 3271 potestatem
642 3186 778 3250 nomine
808 3192 923 3250 vestro
953 3187 1131 3250 nobiscum
1163 3187 1335 3251 tractandi
1366 3193 1399 3251 et
1430 3208 1509 3251 con-

404 3290 573 3354 senciendi
607 3291 765 3355 omnibus
799 3298 832 3354 et
866 3290 1007 3375 singulis
1040 3311 1142 3373 super
1173 3292 1299 3375 quibus
1332 3297 1415 3356 tunc
1448 3310 1510 3375 pro

405 3394 530 3458 honore
547 3401 582 3458 et
599 3394 750 3458 vtilitate
767 3395 903 3459 ecclesie
920 3395 1118 3458 duxerimus
1135 3395 1359 3461 consentire.’'

492 3523 581 3586 Item
596 3528 769 3587 statutum
784 3530 835 3586 est
849 3524 943 3608 quod
958 3525 1088 3587 habens
1102 3524 1311 3607 prebendam
1326 3525 1508 3610 litigiosam
1550 3535 1581 3583 ln
1594 3548 1657 3583 case
1670 3535 1699 3584 or

405 3647 472 3691 non
495 3626 703 3691 admittatur
726 3627 767 3691 de
791 3635 903 3691 cetero
926 3628 970 3692 ad
994 3628 1199 3713 signandum
1222 3628 1338 3693 literas
1360 3651 1419 3694 seu
1443 3630 1509 3695 alia
1540 3603 1703 3732 Ρὲζζξὲἑῗὲ

404 3752 606 3816 quecunque
632 3733 696 3796 sub
722 3732 829 3817 sigillo
856 3732 1016 3816 Capituli,
1044 3753 1105 3796 nec
1132 3734 1176 3798 ad
1202 3734 1423 3799 residenciam
1450 3756 1508 3799 seu
1564 3749 1681 3784 asason

405 3835 448 3899 ad
481 3835 630 3920 aliquem
663 3841 852 3902 tractatum
886 3858 945 3901 seu
979 3845 1095 3902 actum
1129 3858 1189 3922 per
1221 3838 1418 3922 Capitulum
1452 3860 1508 3903 ex·
1543 3806 1705 3917 cqqqqthqct

405 3939 597 4015 ercendum,
649 3961 828 4024 quousque
879 3943 1124 4024 possessionem
1176 3943 1353 4026 pacificam
1406 3944 1508 4008 fuerit
1567 3936 1679 3984 obtarns

1551 4003 1698 4065 peaceable

406 4049 594 4128 assequtus
1540 4069 1703 4131 possession.

392 4170 394 4174 ’
492 4172 581 4235 Item
616 4172 650 4235 in
687 4172 783 4236 terris
818 4178 853 4235 et
888 4172 1047 4237 domibus
1082 4173 1333 4256 prebendarum
1368 4176 1439 4239 siue
1474 4176 1508 4240 in
1550 4185 1696 4248 Inletting

404 4274 484 4358 ipsis
519 4276 701 4359 prebendis
737 4277 782 4340 ad
819 4276 953 4340 firmam
991 4277 1215 4353 dimittendis,
1254 4278 1445 4344 Canonicus
1481 4281 1508 4344 si
1540 4252 1705 4375 ,ξξῇζᾛξι

403 4379 548 4444 voluerit
579 4401 641 4464 pro
671 4380 783 4465 equali
814 4381 926 4464 precio
956 4381 1030 4444 aliis
1060 4382 1260 4465 preferatur,
1292 4390 1326 4447 et
1356 4385 1383 4447 si
1413 4405 1510 4449 secus
1543 4398 1646 4433 0³¹¹⁰¹¹S
1660 4400 1706 4433 ³10

404 4490 520 4548 actum
547 4484 660 4559 fuerit,
688 4506 755 4549 non
782 4484 897 4549 valeat
923 4485 998 4568 ipso
1024 4486 1105 4560 iure,
1133 4492 1167 4549 et
1193 4487 1437 4569 prebendarius
1462 4487 1509 4551 sic
1535 4451 1711 4565 tqrrsrtaqqppe

404 4588 447 4651 ad
476 4587 611 4653 firmam
642 4588 831 4663 dimittens
863 4595 1065 4653 extraneum
1096 4589 1267 4654 Canonico
1297 4591 1508 4674 preferendo

404 4712 477 4758 xxs.
495 4693 621 4757 fabrice
637 4694 773 4757 ecclesie
789 4694 919 4758 soluere
936 4698 1105 4767 teneatur,
1122 4699 1157 4755 et
1172 4693 1219 4756 sic
1234 4692 1346 4758 soluat
1362 4693 1404 4757 de
1419 4715 1510 4758 anno

403 4795 438 4861 in
455 4817 584 4863 annum
601 4797 748 4863 durante
766 4797 962 4862 dimissione
979 4797 1188 4881 supradicta.
