3950 5625
907 595 910 623 l

438 697 501 765 216
720 697 799 763 Tur
824 697 979 763 lucum(
1003 696 1249 762 Mnuuscruer.

438 878 572 962 Capelle
597 878 668 942 siue
692 877 829 941 ecclesie
853 883 888 940 et
913 881 1195 949 ornamentorum
1219 897 1259 940 ac
1283 875 1559 959 capellanorum

439 982 557 1047 diuina
568 981 695 1046 ibidem
706 981 966 1056 celebrancium,
980 1002 1112 1045 necnon
1125 980 1269 1044 aliorum
1281 980 1559 1044 necessariorum

439 1086 590 1150 eiusdem
612 1085 705 1150 dicto
727 1106 842 1150 annuo
864 1085 1001 1149 redditu
1022 1085 1124 1149 vnius
1145 1083 1274 1167 denarij
1300 1083 1493 1148 dumtaxat
1517 1105 1559 1148 ac

440 1211 516 1254 rosa
541 1190 695 1274 predicta
719 1190 871 1273 exceptis
896 1210 956 1273 per
979 1189 1196 1273 superuisum
1221 1188 1362 1252 senioris
1387 1188 1558 1252 Canonici

441 1293 683 1378 Residenciarij
721 1293 858 1358 ecclesie
893 1293 1077 1378 Collegiate
1111 1293 1263 1377 predicte
1298 1312 1360 1377 pro
1394 1298 1559 1376 tempore

440 1399 619 1472 existente,
652 1397 704 1462 cui
738 1397 817 1461 inde
848 1397 1020 1462 racionem
1056 1397 1160 1461 semel
1195 1397 1230 1460 in
1265 1396 1423 1482 quolibet
1461 1418 1558 1461 anno

441 1502 577 1566 termini
603 1501 747 1585 predicti
772 1501 912 1585 quando
938 1502 982 1565 ad
1007 1522 1047 1565 eo
1073 1499 1257 1585 requisitus
1281 1500 1385 1565 fuerit
1411 1500 1559 1564 reddere

261 1611 402 1685 dienating
442 1612 602 1671 teneatur
632 1606 777 1670 fideliter
804 1613 838 1670 et
863 1606 1004 1690 integre,
1030 1605 1179 1690 applicet
1204 1610 1239 1669 et
1263 1610 1457 1669 conuertat.
1508 1606 1558 1670 Et

262 1676 387 1803 nupxit&
442 1710 579 1795 prouiso
607 1710 715 1774 eciam
743 1710 837 1794 quod
865 1710 893 1773 si
922 1709 1077 1793 prefatus
1106 1709 1225 1792 Joh'es
1252 1709 1407 1792 Amclytt
1436 1709 1559 1794 aliqua
1600 1788 1604 1794 Α

441 1814 623 1879 commoda
657 1821 718 1878 aut
752 1814 985 1878 emolumenta
1019 1813 1110 1878 dicte
1144 1814 1272 1897 capelle
1306 1813 1379 1877 siue
1413 1813 1559 1878 ecclesie

441 1920 665 2002 imposterum
686 1925 897 2001 prouentura
917 1917 1117 1982 alienauerit
1136 1917 1191 1981 vel
1212 1917 1256 1981 ad
1276 1916 1427 2001 aliquem
1447 1917 1559 1982 alium

440 2043 541 2087 vsum
564 2030 677 2107 preter
698 2029 738 2086 vt
760 2023 930 2107 prefertur
956 2022 1001 2086 ad
1029 2021 1321 2086 sustentacionem
1350 2027 1385 2084 et
1416 2041 1559 2106 repara-

440 2127 573 2192 cionem
608 2127 759 2211 predicte
794 2126 929 2210 Capelle
964 2126 1036 2190 siue
1071 2125 1218 2201 ecclesie„
1255 2131 1557 2202 ornamentorum,

441 2231 712 2316 Capellanorum,
742 2237 777 2294 et
805 2231 950 2295 aliorum
978 2230 1245 2295 necessariorum
1273 2229 1437 2305 eiusdem,
1469 2236 1559 2295 tunc

440 2337 505 2400 hoc
530 2356 667 2419 presens
691 2335 858 2418 scriptum
883 2341 999 2399 nostre
1023 2334 1249 2399 concessionis
1273 2333 1400 2399 nullius
1425 2334 1559 2420 vigoris

441 2440 578 2521 existat.
628 2440 668 2504 lu
704 2461 732 2504 c.
771 2460 796 2504 r.
836 2446 860 2504 t.
900 2446 973 2503 tam
1010 2439 1157 2523 sigillum
1194 2458 1376 2503 commuue
1413 2439 1558 2503 ecclesie

441 2544 624 2629 Collegiate
663 2544 836 2608 antedicto
874 2564 980 2629 quam
1019 2542 1167 2627 sigillum
1206 2534 1289 2607 dicti
1329 2542 1401 2607 d’ni
1441 2542 1559 2625 Joh’is

441 2648 595 2732 Amclytt
619 2647 792 2732 Capellani
817 2647 1015 2712 alternatim
1040 2647 1256 2730 presentibus
1279 2653 1361 2711 sunt
1386 2668 1555 2732 appensa.

442 2754 522 2818 Dat.
548 2753 710 2817 vicesimo
733 2759 858 2817 octauo
882 2752 936 2817 die
960 2752 1152 2827 Decembr,
1178 2751 1279 2816 Auno
1304 2751 1385 2816 D'ni
1410 2751 1559 2819 Mill’mo

441 2857 779 2944 quadringentesimo
797 2857 1009 2941 sexagesimo
1027 2857 1148 2940 primu.

445 3050 531 3133 (301)
558 3051 734 3114 chsucm
757 3065 937 3114 concessa
961 3048 1061 3131 Jou'1
1085 3047 1230 3112 CARTER
1255 3065 1303 3111 or
1327 3048 1458 3113 Rrrou’
1485 3068 1556 3114 PER

486 3170 775 3218 Puessuuomuuu
797 3170 845 3217 ne
864 3153 990 3217 Tuom>
1009 3169 1059 3216 Ao
1079 3170 1290 3217 EDIFchND.
1313 3168 1408 3217 uuas
1430 3171 1555 3219 nouos

486 3276 601 3323 suem
624 3275 758 3322 uuuuu
783 3274 935 3322 caurum
961 3275 1059 3322 urcrr
1084 3273 1348 3337 PREBrquruJ.

530 3414 647 3479 Sciant
661 3420 834 3497 presentes
848 3419 883 3476 et
897 3412 1005 3477 futuri
1019 3413 1113 3496 quod
1128 3434 1189 3497 ego
1203 3412 1380 3496 Johannes
1394 3413 1552 3491 Sendale,

442 3519 625 3582 canonicus
640 3518 718 3581 eccl.
736 3517 817 3581 Coll.
835 3516 928 3581 beati
943 3516 1092 3581 Wilfridi
1108 3517 1233 3600 Ripon'
1250 3537 1291 3581 ac
1305 3517 1553 3599 prebendarius

441 3622 612 3705 prebende
630 3622 673 3686 de
691 3622 806 3704 Thorp
824 3621 859 3684 in
877 3621 1008 3696 eadem,
1026 3621 1176 3685 concessi
1193 3627 1227 3684 et
1244 3621 1276 3685 h.
1295 3641 1327 3705 p.
1346 3641 1374 3685 c.
1394 3641 1440 3686 rn.
1460 3624 1550 3688 conf.

441 3747 502 3810 pro
517 3747 571 3790 me
587 3732 621 3789 et
636 3726 885 3790 successoribus
900 3726 995 3801 meis,
1011 3730 1183 3810 quantum
1198 3724 1233 3788 in
1248 3745 1303 3788 me
1317 3731 1380 3800 est,
1397 3725 1550 3808 Johanni

441 3830 559 3895 Carter
584 3831 626 3894 de
653 3829 777 3913 Ripon’
806 3830 969 3913 predicta,
998 3835 1033 3892 et
1059 3829 1240 3913 assignatis
1266 3829 1345 3905 suis,
1373 3830 1551 3897 licenciam

441 3934 661 3999 construendi
682 3939 716 3997 et
738 3934 917 3997 edificandi
939 3932 1128 4017 quamdam
1149 3932 1291 3997 domum
1312 3933 1402 3997 inter
1422 3956 1551 4019 aquam

441 4039 483 4103 de
509 4038 599 4103 Skell
624 4044 658 4102 et
683 4037 864 4122 gardinum
890 4038 1061 4121 prebende
1086 4058 1160 4101 mee
1186 4038 1348 4120 predicte,
1376 4059 1416 4102 ac
1441 4040 1550 4105 eciam

440 4164 546 4207 vnam
570 4142 761 4225 porcoriam
785 4142 912 4206 ibidem
937 4142 972 4205 in
997 4148 1031 4204 et
1056 4141 1098 4205 de
1123 4141 1231 4205 fundo
1256 4162 1332 4205 meo
1357 4142 1449 4206 dicte
1474 4164 1549 4208 meo

440 4247 611 4331 prebende
646 4246 848 4329 pertinente,
885 4266 988 4329 supra
1023 4266 1160 4310 murum
1194 4246 1369 4330 lapideum
1403 4248 1547 4329 predicti

438 4350 571 4436 gardini
593 4350 680 4426 mei;
724 4350 779 4414 Ita
800 4350 894 4434 quod
916 4370 978 4413 nec
1000 4370 1061 4433 ego
1083 4350 1196 4414 dictus
1218 4350 1296 4432 Joh.
1321 4350 1465 4414 Sendale
1487 4373 1549 4416 nec

438 4474 646 4520 successores
678 4455 745 4518 mei
778 4453 910 4518 dictum
944 4453 1082 4536 Joh'em
1115 4440 1234 4517 Carter
1266 4454 1320 4517 vel
1354 4454 1548 4538 assignatos

261 4557 293 4605 3⁸*
312 4559 405 4607 directe
438 4580 517 4623 suos
536 4580 597 4643 pro
617 4558 812 4623 huiusmodi
831 4558 1089 4623 construccione
1109 4564 1169 4621 aut
1189 4578 1278 4641 aque
1296 4558 1485 4622 stillacione
1505 4560 1547 4624 de

261 4628 422 4741 mos&
437 4664 596 4728 domibus
626 4663 787 4747 predictis
816 4683 918 4745 super
947 4662 1059 4726 solum
1089 4663 1261 4745 prebende
1290 4682 1364 4725 mee
1394 4663 1546 4746 predicte

437 4768 637 4854 inquietare,
659 4787 795 4844 vexare,
816 4787 876 4832 seu
896 4766 1110 4852 implacitare
1130 4767 1238 4832 debeo
1258 4787 1318 4831 seu
1338 4767 1488 4832 debeant
1510 4768 1543 4831 in
