3950 5625
769 699 862 763 Acrs
887 715 933 790 οξ
957 697 1136 764 Carpion.
1446 715 1509 781 217

403 892 583 966 futurum;
622 889 811 955 Reddendo
851 890 993 974 proinde
1032 889 1124 954 idem
1163 890 1281 973 Joh'es
1320 890 1439 954 Carter
1477 895 1511 953 et

403 994 567 1079 assignati
584 995 636 1059 sui
652 992 755 1059 michi
773 994 924 1077 Johanni
942 994 1097 1069 Sendale,
1116 994 1341 1078 prebendario
1358 994 1513 1079 predicto

403 1105 438 1162 et
464 1098 713 1164 successoribus
738 1099 832 1173 meis,
854 1120 962 1163 vnum
984 1098 1163 1164 denarium
1189 1105 1223 1162 et
1250 1119 1356 1163 vnam
1384 1099 1512 1163 Rosam

302 1283 305 1285 ι
403 1205 545 1268 rubeam
563 1202 597 1267 in
615 1204 703 1267 festo
720 1202 926 1267 Nativitatis
943 1202 1010 1268 S’ci
1027 1203 1138 1286 Joh'is
1156 1202 1314 1287 Baptiste
1331 1203 1512 1267 annuatim

403 1308 438 1372 in
457 1314 672 1392 perpetuum,
690 1307 717 1372 si
736 1313 910 1392 petantur.
959 1308 1000 1373 In
1019 1329 1047 1372 c.
1066 1328 1090 1372 r.
1110 1313 1134 1372 t.
1153 1307 1212 1392 sig.
1231 1329 1276 1372 m.
1297 1308 1513 1392 presentibus

403 1419 456 1476 est
493 1433 693 1496 appensum.
742 1413 822 1477 Dat.
862 1412 956 1496 apud
995 1412 1119 1495 Ripon’
1158 1411 1259 1495 xxvj⁰
1295 1413 1350 1477 die
1387 1413 1512 1479 mensis

404 1517 583 1581 Decembr.
604 1538 695 1581 anno
714 1517 807 1602 regni
826 1517 912 1602 regis
931 1517 1093 1581 Edwardi
1112 1517 1227 1601 quarti
1246 1517 1366 1601 primo,

402 1679 445 1746 75
459 1688 488 1731 v.
544 1671 631 1754 (302)
671 1671 948 1749 Acoummucm
988 1688 1231 1736 osunmonuu
1270 1689 1512 1736 nocuprouuu

449 1793 519 1840 ruo
542 1792 633 1840 cnm
657 1793 840 1841 Puncrosn.

492 1921 659 1986 Nouerint
678 1922 828 1987 vniuersi
848 1944 908 2006 per
926 1928 1100 2006 presentes
1119 1923 1213 2006 quod
1233 1945 1294 1987 nos
1314 1924 1513 2007 Capitulum
1565 1923 1681 2035 time

402 2025 482 2092 0001.
505 2025 587 2092 Coll.
610 2027 815 2092 Sanctorum
837 2027 929 2090 Petri
951 2033 986 2090 et
1008 2026 1154 2091 Wiltridi
1177 2027 1301 2110 Ripon'
1324 2029 1513 2112 recepimus
1565 2020 1572 2034 ⁴
1595 2001 1688 2050 ‘w'

346 2158 350 2164 ·
403 2129 445 2194 de
480 2130 643 2216 Magistro
671 2132 779 2214 vJoh’e
815 2132 1026 2206 Pakenham,
1064 2131 1235 2195 confratre
1271 2138 1399 2207 nostr0,
1437 2153 1512 2216 pre-

402 2234 567 2299 bendario
584 2236 755 2320 prebende
772 2236 814 2300 de
832 2236 988 2300 Sharrow
1006 2235 1040 2300 in
1054 2236 1133 2300 eccl.
1149 2236 1330 2320 collegiata
1342 2236 1508 2319 predicta,

402 2339 520 2404 decem
550 2360 682 2404 marcas
713 2345 851 2404 monete
881 2339 1069 2424 Anglicane
1099 2339 1237 2404 nomine
1268 2361 1352 2423 cape
1383 2346 1418 2403 et
1450 2361 1511 2424 pro

403 2464 489 2526 capa
512 2464 575 2508 sua
598 2445 751 2527 preciosa
774 2445 873 2507 nobis
897 2450 931 2507 et
956 2444 1035 2508 eccl.
1062 2450 1178 2508 nostre
1202 2444 1354 2528 predicte
1379 2445 1512 2508 notorie
1525 2456 1713 2518 eope-money

403 2547 521 2612 debita
555 2547 598 2612 de
633 2548 880 2613 consuetudine
915 2547 1080 2613 laudabili
1116 2548 1268 2613 eiusdem
1304 2549 1441 2612 ecclesie
1477 2555 1511 2612 et

403 2656 547 2716 statuto.
596 2653 637 2716 In
649 2673 677 2716 c.
692 2673 717 2717 r.
732 2658 757 2717 t.
772 2653 831 2737 sig.
846 2657 1004 2716 nostrum
1016 2653 1232 2737 presentibus
1244 2659 1296 2716 est
1309 2674 1509 2737 appensum.

404 2756 484 2822 Dat.
504 2756 539 2821 in
558 2756 661 2822 domo
677 2762 795 2822 nostra
810 2756 1003 2841 capitulari,
1021 2757 1183 2822 vicesimo
1199 2763 1298 2822 sexto
1314 2757 1368 2823 die
1387 2759 1512 2823 mensis

367 2857 373 2864 ’
405 2860 496 2945 Maii,
522 2882 612 2927 anno
634 2862 715 2926 D'ni
739 2862 918 2925 Millesimo
940 2862 1278 2946 quadringentesimo
1301 2864 1513 2948 sexagesimo

405 2971 539 3031 octauo.

409 3133 494 3216 (303)
543 3133 635 3197 Arm
681 3149 950 3211 ncoumrnucm
989 3151 1231 3198 neunmouuu
1272 3151 1511 3200 nscspronou

450 3254 518 3302 ruo
542 3255 727 3302 cousmur
752 3254 843 3301 caen
867 3254 1050 3302 puncrosn.

491 3376 659 3442 Nouerint
675 3430 681 3444 .
699 3429 705 3442 .
720 3378 762 3442 de
776 3377 962 3442 venerabili
975 3378 1050 3441 viro
1064 3378 1193 3462 Mag’ro
1206 3377 1319 3443 Will'o
1334 3379 1509 3455 Pottman,
1589 3391 1663 3449 1468.

405 3488 584 3547 executore
626 3482 824 3547 testamenti
868 3484 957 3547 bone
1000 3482 1162 3546 memorie
1205 3483 1358 3567 Magistri
1401 3484 1511 3567 Joh'is
1569 3455 1639 3518 ΜΒ·
1655 3469 1679 3503 ²·

405 3587 558 3663 Sendale,
599 3587 780 3651 confratris
819 3586 927 3651 nostri
968 3587 1053 3651 dum
1095 3586 1194 3662 vixit,
1225 3594 1260 3650 et
1293 3588 1507 3672 prebendarij

404 3692 575 3775 prebende
590 3691 633 3755 de
649 3691 764 3775 Thorp
781 3691 815 3754 in
831 3691 910 3755 eccl.
929 3690 1095 3774 predicta,
1117 3690 1236 3755 decem
1252 3691 1355 3756 libras
1374 3700 1512 3757 monete
1525 3697 1713 3759 eope-money

405 3795 590 3880 Anglicane
611 3846 616 3859 .
640 3846 646 3859 .
670 3846 675 3859 .
725 3795 765 3859 In
784 3816 812 3859 0.
834 3815 858 3859 r.
881 3801 905 3859 t.
929 3847 935 3859 .
959 3847 964 3859 .
988 3847 995 3859 .
1043 3795 1124 3858 Dat.
1145 3795 1295 3859 secundo
1314 3796 1368 3860 die
1387 3798 1512 3862 mensis

404 3899 561 3985 Augusti,
579 3899 680 3964 Anno
697 3899 777 3963 D’ni
795 3920 908 3963 mcccc
924 3898 1049 3981 lxviij‘⁰
1069 3898 1182 3980 (Form
1198 3918 1236 3962 as
1253 3898 1291 3962 in
1308 3900 1371 3965 No.
1391 3904 1479 3985 302).

450 4092 537 4175 (304)
566 4093 745 4157 Coirncro
770 4092 956 4156 Cnmnmn
981 4107 1030 4154 Ao
1055 4091 1202 4154 Atrans
1228 4091 1297 4156 S’c1
1324 4093 1465 4175 JAcoru.

491 4233 666 4298 Vniuersis
694 4233 726 4297 S.
757 4233 801 4297 M.
833 4233 872 4296 E.
903 4231 982 4314 tiliis
1012 4231 1056 4295 ad
1084 4252 1170 4315 quos
1198 4238 1371 4313 presentes
1399 4233 1512 4298 littere
1540 4279 1542 4283 .
1589 4250 1663 4309 1468,

405 4337 632 4421 peruenerint,
651 4336 722 4401 Nos
739 4336 937 4419 Capitulum
954 4334 1033 4399 0001.
1052 4334 1133 4398 Coll.
1152 4334 1245 4397 beati
1262 4334 1355 4399 Petri
1373 4336 1510 4421 Ripon’,
1556 4317 1630 4378 Sept.
1655 4318 1692 4364 ¹⁶·

404 4442 507 4506 Ebor.
536 4441 635 4516 dioc,
664 4461 711 4504 sa.
741 4440 776 4503 in
802 4439 883 4504 d’no
910 4438 1164 4521 sempiternam.
1213 4437 1411 4504 Cantariam
1437 4462 1511 4523 per-

404 4550 545 4628 petuam
579 4544 623 4608 ad
658 4543 766 4607 altare
800 4543 866 4607 S'ci
900 4542 1023 4624 Jacobi
1056 4542 1091 4606 in
1125 4540 1203 4605 eccl.
1240 4541 1321 4605 Coll.
1357 4543 1512 4625 predicta

404 4648 587 4713 fundatam
623 4667 684 4731 per
719 4652 866 4710 mortem
903 4644 974 4710 d'ni
1012 4645 1131 4710 Rob’ti
1168 4644 1362 4709 Chaumbre
1398 4647 1512 4712 vltimi

403 4752 604 4837 possessoris
624 4749 775 4815 eiusdem
795 4754 978 4813 vacantem
998 4756 1033 4814 et
1053 4750 1098 4814 ad
1117 4753 1272 4812 nostram
1293 4749 1513 4817 collacionem
