3950 5625
851 715 1082 781 Camurium
1481 732 1523 801 75

803 894 891 978 (108)
919 889 1137 984 Damonem.

500 1012 602 1077 Omn.
634 1012 693 1096 xpi
723 1011 781 1076 fid.
814 1012 858 1077 ad
887 1032 974 1096 quos
1004 1033 1054 1096 pr.
1086 1033 1147 1076 scr.
1179 1012 1384 1096 peruenerit,
1417 1013 1524 1078 Rob’s

420 1115 640 1200 Dispensator
655 1116 698 1180 de
715 1116 853 1200 Ripon',
867 1116 1014 1181 salutem
1031 1117 1065 1181 in
1080 1117 1170 1181 D'no
1182 1117 1437 1200 sempiternam.
1459 1117 1521 1202 (35)

418 1218 586 1285 Noueritis
610 1241 665 1284 me
690 1220 767 1285 ded.
795 1225 829 1284 et
855 1220 978 1306 assign.
1000 1241 1063 1304 pro
1086 1241 1134 1286 sa.
1159 1221 1272 1286 anime
1296 1242 1381 1296 mee,
1403 1221 1521 1286 lumin'

416 1324 462 1387 be.
489 1324 595 1389 Marie
619 1324 655 1390 in
680 1325 771 1389 Eccl.
798 1325 840 1389 de
866 1324 991 1409 Ripou’
1016 1325 1089 1408 vjd.
1116 1325 1221 1390 annui
1246 1325 1410 1400 redditus,
1436 1347 1523 1410 quos

415 1431 551 1514 Juliana
574 1433 646 1498 filia
669 1433 774 1498 Walt.
801 1433 843 1497 de
869 1433 1043 1518 Westegat
1069 1433 1189 1496 reddet
1214 1453 1276 1516 pro
1301 1439 1392 1498 terra
1416 1454 1522 1517 quam

414 1537 439 1600 ei
463 1537 553 1602 dedi.
601 1537 689 1602 Volo
714 1537 832 1613 eciam,
859 1543 923 1601 etc.
974 1537 1101 1618 (Power
1124 1543 1154 1600 to
1179 1537 1322 1601 distrain
1347 1559 1384 1601 as
1409 1538 1447 1602 in
1471 1539 1522 1602 the

412 1640 492 1724 last).
557 1641 607 1706 Ut
647 1647 765 1706 autem
805 1642 867 1705 hec
907 1662 984 1706 mea
1024 1642 1169 1706 donacio
1215 1643 1319 1706 robur
1363 1643 1521 1726 optineat

411 1751 625 1829 perpetuum,
658 1766 745 1829 pres.
779 1766 841 1810 scr.
875 1745 935 1831 sig.
969 1767 1014 1810 m.
1049 1746 1204 1829 apposui.
1253 1746 1296 1810 H.
1331 1752 1356 1810 t.
1391 1747 1520 1832 Mag'ro

411 1849 520 1914 Will'o
542 1850 711 1925 Wikwan,
736 1850 848 1915 Will’o
870 1850 912 1914 de
934 1850 1125 1924 Thomton,
1148 1850 1262 1914 Will’o
1284 1850 1326 1914 de
1349 1851 1518 1927 Bokland,

411 1952 530 2018 Nich'o
552 1954 717 2030 Bemard,
735 1954 860 2037 Joh'ne
881 1954 924 2018 de
945 1955 1050 2030 Ebor,
1068 1954 1208 2019 Walter'
1232 1954 1274 2018 de
1296 1954 1463 2040 Westgat‚
1485 1963 1519 2020 et

411 2058 490 2123 aliis.

683 2199 686 2207 .
796 2151 884 2234 (109)
912 2151 968 2214 DE
993 2168 1131 2215 Eoouu.

492 2266 668 2331 Vniuersis
691 2266 750 2351 xpi
775 2266 832 2331 fid.
858 2287 944 2351 pres.
971 2267 1087 2332 literas
1111 2267 1233 2331 visuris
1258 2268 1311 2330 vel
1336 2269 1515 2344 audituris,

409 2369 513 2435 Rob’s
543 2370 769 2454 Dispensator
799 2370 936 2455 Ripon’,
967 2393 1014 2436 sa.
1046 2372 1081 2436 in
1111 2372 1211 2436 D’no.
1260 2372 1433 2437 Noueritis
1462 2394 1516 2437 me

407 2474 480 2539 ded.
500 2480 535 2538 et
551 2494 646 2539 conc.
665 2480 699 2538 et
716 2474 751 2539 in
767 2495 854 2566 pres.
873 2475 978 2539 literis
995 2476 1084 2540 conf.
1103 2496 1165 2559 pro
1181 2497 1228 2540 sa.
1247 2497 1301 2540 an.
1320 2497 1377 2552 m.,
1396 2477 1514 2542 lumin'

408 2577 455 2642 be.
478 2579 524 2643 M.
548 2578 582 2642 in
603 2578 681 2644 eccl.
701 2580 752 2644 be.
771 2567 822 2644 W.
845 2579 887 2643 de
909 2579 950 2644 R.
973 2579 1045 2662 iijd.
1069 2601 1137 2665 arg.
1161 2580 1342 2664 recipiend.
1365 2582 1399 2644 in
1421 2603 1514 2665 perp.

406 2683 586 2748 annuatim
620 2683 664 2748 ad
698 2683 784 2748 duos
818 2689 916 2748 term.
953 2685 996 2750 de
1029 2684 1087 2749 illa
1120 2683 1202 2748 dim.
1238 2705 1317 2749 acra
1351 2692 1439 2749 terre
1473 2686 1515 2750 de

408 2786 593 2872 Biscopton
626 2808 693 2872 que
726 2788 814 2854 iacet
847 2788 946 2853 iuxta
978 2794 1107 2854 terram
1140 2788 1251 2854 Nich'i
1287 2789 1440 2855 Bemard
1473 2811 1515 2854 ex

405 2898 501 2975 parte
520 2892 733 2967 occidentali,
753 2899 787 2957 et
808 2893 974 2958 abbuttat
999 2914 1107 2958 vnum
1131 2894 1244 2977 capud
1262 2915 1363 2978 super
1380 2894 1515 2959 Corkel·

405 2997 474 3080 dyk
497 3002 532 3060 et
555 2996 649 3061 aliud
671 2997 784 3081 capud
806 3017 909 3081 super
930 3004 1058 3062 terram
1081 2997 1223 3062 Walteri
1246 2998 1287 3062 de
1311 2999 1443 3075 Hilton,
1468 3021 1512 3065 sc.

405 3100 627 3165 medietatem
649 3102 693 3165 ad
717 3102 814 3165 Pent.
839 3109 873 3166 et
896 3102 999 3167 aliam
1021 3102 1243 3167 medietatem
1266 3103 1310 3167 ad
1332 3104 1354 3167 f.
1379 3104 1444 3168 S'ci
1468 3104 1512 3169 M.

404 3203 437 3269 in
453 3206 486 3269 h.
529 3206 569 3269 In
585 3205 682 3270 cuius
698 3205 745 3270 rei
762 3211 840 3270 test.
859 3206 923 3270 hiis
939 3227 1026 3290 pres·
1044 3207 1104 3291 sig.
1122 3227 1167 3271 m.
1186 3207 1340 3291 apposui.
1381 3208 1511 3274 Valete.

793 3366 880 3447 (110)
908 3365 964 3428 DE
989 3382 1126 3428 rooau.

490 3480 591 3544 Vniu.
617 3480 676 3563 xpi
699 3481 755 3545 fid.
780 3501 831 3565 pr.
855 3502 917 3545 scr.
942 3480 1065 3546 visuris
1088 3482 1142 3544 vel
1165 3482 1243 3546 aud.
1293 3483 1404 3547 Isabel
1427 3505 1514 3549 vxor

404 3591 437 3648 et
463 3585 560 3649 heres
587 3584 672 3669 Rog.
701 3584 746 3649 fil.
774 3584 887 3648 Nich’i
911 3586 953 3649 de
981 3586 1118 3669 Ripon’,
1143 3607 1191 3650 sa.
1217 3587 1251 3651 in
1277 3587 1366 3651 D’no
1390 3590 1513 3673 sempi-

404 3695 547 3754 ternam.
595 3688 769 3753 Noueritis
789 3710 843 3753 me
862 3689 950 3774 ligea
969 3696 1144 3773 potestate
1164 3711 1240 3755 mea
1260 3698 1296 3755 et
1314 3692 1513 3777 virginitate

404 3799 483 3858 ante
522 3793 759 3858 omnimodum
798 3794 975 3858 vinculum
1010 3802 1208 3860 contractus
1251 3796 1513 3863 matrimonialis

403 3897 493 3962 inicii
511 3899 715 3962 concessisse
733 3898 774 3962 de
792 3919 846 3962 me
864 3904 898 3961 et
912 3899 981 3963 her.
997 3920 1041 3964 m.
1056 3900 1162 3983 quiet.
1182 3900 1345 3965 clamasse
1364 3901 1397 3965 in
1416 3923 1509 3988 perp.

405 4008 438 4065 et
458 4024 491 4087 p.
514 4023 542 4066 c.
564 4023 609 4066 m.
631 4002 720 4067 conf.
742 4002 899 4067 luminar'
923 4004 974 4067 be.
998 4004 1042 4067 M.
1064 4004 1098 4068 in
1120 4004 1198 4068 eccl.
1221 4006 1253 4068 b.
1276 4005 1327 4069 W.
1352 4005 1405 4082 R„
1427 4007 1511 4072 illud

404 4106 616 4191 mesuagium
638 4106 673 4170 in
696 4107 815 4171 eadem
838 4108 976 4172 villain
999 4108 1156 4193 Westgat
1178 4109 1272 4192 quod
1296 4109 1380 4195 Rog.
1406 4111 1512 4176 frater

404 4231 499 4276 meus
528 4211 638 4276 eidem
667 4211 827 4276 luminari
855 4212 1013 4276 contulit.
1061 4213 1161 4298 Quod
1190 4212 1329 4296 quidem
1359 4235 1510 4302 mesuag.

404 4314 493 4380 idem
522 4316 607 4400 Rog'
633 4316 756 4380 habuit
780 4316 822 4380 de
847 4317 962 4380 Isolda
985 4317 1162 4399 quondam
1186 4337 1291 4381 vxore
1315 4318 1443 4383 Warini
1469 4320 1510 4384 de

406 4418 599 4484 Beuerlaco
648 4420 738 4484 Hab.
768 4426 802 4484 et
829 4426 898 4485 ten.
927 4439 1006 4482 cum
1033 4441 1124 4483 omn.
1153 4440 1178 4483 s.
1207 4429 1293 4505 pert.
1322 4424 1510 4488 seeundum

404 4528 557 4588 tenorem
585 4529 678 4587 carte
707 4545 813 4608 quam
842 4524 998 4608 prefatus
1028 4524 1181 4607 Rogerus
1209 4525 1288 4589 inde
1317 4525 1439 4590 habuit
1469 4527 1511 4591 de

404 4626 496 4693 dicta
524 4628 649 4702 Isolda,
677 4628 727 4692 ita
752 4628 847 4712 quod
873 4647 936 4691 nee
962 4644 1024 4708 ego
1052 4626 1163 4689 Isabel
1189 4649 1252 4692 nec
1278 4629 1417 4694 heredes
1443 4631 1511 4694 mei

404 4750 556 4815 vnquam
575 4731 609 4795 in
627 4731 720 4814 pred.
744 4731 795 4814 (35
815 4735 859 4814 v.)
881 4727 1056 4810 mesuagio
1077 4748 1156 4792 cum
1174 4739 1260 4815 pert.
1281 4734 1410 4817 aliquid
1429 4734 1510 4798 iuris

404 4835 457 4899 vel
480 4834 594 4900 elamii
618 4834 749 4919 exigere
773 4835 828 4899 vel
852 4829 1034 4898 vendicare
1059 4834 1257 4914 poterimus.
1306 4838 1346 4901 In
1371 4838 1404 4902 h.
1430 4853 1456 4903 r.
1483 4843 1508 4904 t.
