3950 5625
780 683 873 749 Acrs
897 702 941 749 or
965 683 1145 749 Cunerum
1457 700 1516 748 121

410 864 578 947 premissis
599 863 832 928 substituendi
854 884 979 947 eosque
1001 862 1196 937 reuocandi,
1219 861 1518 945 procuratorisque

410 967 556 1031 officium
579 967 613 1031 in
636 988 671 1031 se
694 967 925 1031 reassumendi
948 975 983 1032 et
1006 967 1099 1032 aliud
1121 967 1311 1041 exercendi,
1335 967 1519 1050 omniaque

410 1071 471 1136 alia
508 1078 542 1136 et
579 1071 713 1156 singula
750 1071 784 1136 in
821 1072 994 1155 premissis
1030 1072 1220 1137 necessaria
1256 1073 1310 1135 vel
1347 1077 1519 1155 oportuna

410 1175 551 1241 faciendi
569 1183 604 1240 et
622 1176 837 1261 expediendi,
856 1176 964 1240 eciam
982 1177 1010 1240 si
1028 1177 1234 1241 mandatum
1252 1176 1361 1260 magis
1378 1176 1518 1260 exigant

409 1281 571 1364 speciale;
610 1301 672 1365 pro
711 1281 839 1345 eisdem
879 1301 960 1345 vero
999 1281 1279 1364 procuratoribus
1319 1280 1444 1345 nostris
1483 1287 1517 1344 et

409 1405 521 1450 eorum
551 1385 803 1450 substituendis
833 1391 868 1449 et
897 1386 1052 1469 quolibet
1083 1385 1270 1450 eorundem
1303 1405 1373 1449 rem
1405 1391 1517 1449 ratam

409 1489 521 1554 haberi
546 1490 711 1554 iudicium
736 1490 809 1554 sisti
835 1497 869 1554 et
894 1491 1086 1555 iudicatum
1110 1490 1197 1555 solui
1222 1492 1286 1554 sub
1311 1497 1459 1573 ypoteca
1483 1497 1517 1553 et

409 1595 614 1680 obligacione
636 1595 791 1659 omnium
813 1595 983 1660 bonorum
1005 1602 1202 1660 nostrorum
1224 1595 1461 1679 promittimus
1483 1602 1517 1658 et

409 1699 609 1783 exponimus
627 1700 818 1764 cauciones

492 1869 532 1932 In
545 1868 643 1933 cuius
653 1868 703 1942 ,rei
717 1868 954 1932 testimonium
967 1867 1116 1952 sigillum
1129 1874 1287 1932 nostrum
1300 1867 1517 1950 presentibus

409 1979 455 2036 est
483 1993 685 2056 appensum.
734 1973 815 2036 Dat.
842 1972 876 2036 in
901 1971 1005 2036 domo
1027 1978 1146 2036 nostra
1169 1971 1351 2055 capitulari
1378 1971 1514 2055 Rypon’

408 2077 457 2161 vj⁰
476 2078 530 2142 die
550 2078 707 2161 Januarii
726 2078 828 2142 Anno
848 2077 998 2152 Domini,
1021 2083 1075 2141 etc.

410 2296 493 2380 (191)
528 2297 783 2361 Pneseumcro
815 2302 962 2361 VlCARIE
996 2296 1072 2359 n'ur
1105 2295 1225 2378 Jon'rs
1258 2313 1306 2358 nu
1338 2295 1516 2358 Marinus

448 2419 586 2481 vicum]
616 2419 664 2464 nn
689 2402 893 2466 Sronsmv.
971 2422 975 2432 ·

489 2556 751 2621 Venerabilibus
778 2556 860 2619 viris
889 2561 923 2619 et
951 2555 1106 2619 discretis
1135 2555 1295 2638 Capitulo
1322 2556 1401 2619 eccl.
1432 2555 1513 2619 Coll.

405 2661 494 2725 beati
517 2661 610 2725 Petri
634 2661 771 2745 Ripon',
796 2662 899 2724 Ebor.
923 2661 1023 2734 dioc,
1047 2681 1129 2724 suus
1152 2660 1289 2724 humilis
1311 2666 1345 2722 et
1368 2660 1516 2724 deuotus

405 2766 575 2832 confrater
602 2766 720 2849 Job'es
748 2766 789 2831 de
818 2765 960 2840 sleford,
990 2765 1175 2829 canonicus
1203 2786 1242 2829 ac
1270 2764 1516 2850 prebendarius

405 2871 573 2954 prebende
586 2871 628 2935 de
641 2870 805 2954 Stodelay
818 2872 852 2933 in
865 2870 997 2944 eadem,
1012 2870 1258 2945 obedienciam,
1272 2871 1514 2945 reuerenciam,

404 2982 437 3040 et
469 2977 643 3040 honorem.
691 2975 746 3039 Ad
778 2975 943 3039 vicariam
976 2976 1149 3058 prebende
1181 2996 1255 3039 mee
1288 2975 1440 3059 predicte
1474 2976 1516 3039 de

405 3080 567 3164 Stodelay
583 3100 643 3163 per
658 3079 925 3164 resignacionem
941 3079 1012 3144 d’ni
1029 3080 1139 3163 Job'is
1155 3080 1197 3143 de
1213 3080 1387 3144 Stransale
1403 3080 1516 3144 Vltimi

404 3186 520 3251 vicarii
564 3185 717 3249 eiusdem
761 3185 932 3267 prebende
976 3185 1021 3249 ad
1065 3206 1177 3249 meam
1221 3185 1516 3269 presentacionem

404 3296 629 3374 spectantem,
665 3290 830 3354 dilectum
864 3289 966 3353 michi
1002 3290 1036 3353 in
1070 3311 1139 3373 xpo
1173 3290 1268 3353 d'nm
1303 3289 1440 3371 Job'em
1474 3289 1516 3353 de

405 3396 560 3482 Mephale
573 3395 800 3479 capellanum,
814 3395 917 3459 Ebor.
933 3395 1032 3469 dioc,
1047 3393 1146 3457 vobis
1159 3400 1329 3477 presento,
1342 3393 1517 3458 humiliter

403 3501 599 3586 supplicans
622 3506 657 3564 et
681 3500 805 3565 deuote
829 3500 996 3584 quatinus
1019 3499 1166 3563 eundem
1191 3498 1285 3562 d'nm
1310 3498 1447 3580 Job'em
1471 3499 1516 3562 ad

404 3606 531 3671 dictam
563 3605 727 3670 vicariam
759 3605 914 3669 caritatis
946 3604 1076 3668 intuitu
1108 3603 1221 3666 velitis
1253 3603 1447 3679 admittere,
1481 3611 1515 3667 et

404 3709 515 3793 ipsum
543 3709 710 3773 vicarium
737 3715 944 3793 perpetuum
972 3709 1150 3774 instituere
1178 3708 1212 3772 in
1241 3707 1372 3782 eadem,
1401 3714 1515 3772 cetera

404 3836 469 3899 quc
496 3814 596 3878 vobis
624 3814 829 3879 incumbunt
858 3814 893 3878 in
922 3815 986 3877 bac
1014 3819 1112 3898 parte
1140 3832 1300 3896 peragere
1328 3812 1515 3896 dignemini

404 3919 562 4003 graciose.
611 3918 779 3983 Dominus
795 3940 856 3983 vos
871 3925 1050 3983 conseruet
1067 3919 1100 3982 in
1116 3917 1285 4001 prosperis
1300 3923 1404 3999 prout
1419 3924 1514 4001 opto.

405 4022 445 4087 In
472 4024 569 4088 cuius
597 4023 643 4086 rei
671 4024 908 4088 testimonium
937 4023 1153 4107 presentibus
1181 4022 1329 4105 sigillum
1358 4022 1513 4104 apposui.

405 4126 484 4192 Dat.
511 4127 606 4211 apud
632 4127 821 4202 Balsham,1
850 4128 884 4191 in
913 4129 1064 4192 crastino
1092 4127 1157 4191 S’ci
1185 4126 1335 4200 Martini,
1362 4125 1409 4188 A0
1434 4126 1515 4189 D’ni

406 4230 520 4296 Mill’io
540 4242 640 4297 ccc¹¹¹0
658 4231 889 4316 Nonogesimo
908 4232 1069 4297 secundo

624 4451 711 4534 (192)
740 4450 831 4515 ITEM
858 4469 906 4515 ne
931 4464 1079 4515 vrcaura
1104 4464 1292 4513 pauorem.

488 4606 638 4690 Chapter
657 4604 781 4689 certify
802 4613 838 4670 to
858 4603 1048 4671 induction.
1096 4601 1200 4665 Form
1219 4622 1257 4665 as
1276 4602 1310 4666 in
1330 4600 1394 4664 N0.
1416 4617 1446 4664 2.

472 4784 479 4808 ¹
500 4782 531 4830 In
546 4779 795 4844 Cambridgeshire.
834 4782 884 4830 See
897 4780 982 4827 Mem.
999 4776 1097 4836 Πέρση,
1110 4777 1170 4825 Vol.
1187 4776 1224 4831 11,
1243 4780 1299 4836 187,
1318 4778 1374 4823 188.

1563 4552 1566 4557 ’
1593 4578 1666 4627 1392,

1565 4629 1637 4682 Nov.
1654 4646 1695 4695 30.
