3950 5625
793 674 888 739 Acrs
912 691 957 739 or
980 674 1161 740 cuman.
1469 689 1532 754 243

421 849 495 933 164,
512 851 533 916 l.
552 850 605 931 36,
623 852 705 916 read
725 852 954 918 “venerabile
970 854 1010 929 '’;
1031 875 1064 937 p.
1085 853 1158 934 165,
1175 853 1196 917 l.
1217 871 1268 935 19,
1289 852 1369 916 read
1389 852 1408 876 “
1422 851 1533 934 capel-

420 954 534 1020 lano.’'
581 955 628 1020 At
647 977 680 1040 p.
701 956 774 1032 162,
792 957 860 1021 line
876 976 929 1032 22,
949 958 1086 1042 lngilby
1104 957 1172 1022 MS.
1191 958 1253 1020 has
1273 957 1341 1019 “et
1358 955 1508 1019 Divini”
1524 975 1532 1029 ;

420 1058 488 1123 line
502 1059 555 1134 28,
569 1060 596 1123 it
609 1061 713 1124 omits
727 1061 1002 1146 “suprascriptis
1015 1061 1034 1082 ''
1048 1081 1055 1136 ;
1074 1061 1141 1124 line
1154 1079 1207 1140 33,
1221 1060 1248 1123 it
1262 1060 1365 1124 omits
1383 1059 1402 1083 “
1415 1059 1479 1122 viri
1491 1059 1510 1079 '’
1524 1079 1531 1133 ;

421 1169 458 1227 at
485 1184 518 1247 p.
546 1163 619 1246 164,
644 1164 712 1229 line
739 1181 770 1247 7,
796 1165 824 1228 it
851 1166 913 1229 has
942 1166 961 1190 “
978 1165 1160 1229 inducend.
1178 1165 1219 1238 ”3
1252 1164 1318 1228 line
1345 1181 1396 1243 13,
1421 1163 1448 1226 it
1472 1163 1533 1227 has

421 1267 441 1292 “
457 1267 531 1351 ipso
546 1267 565 1288 '¹
577 1287 588 1342 1;
613 1268 681 1332 line
700 1286 754 1349 39,
775 1269 803 1332 it
822 1269 885 1332 has
905 1269 925 1293 “
941 1268 1175 1333 successiuis.'’

419 1452 468 1532 84.
518 1446 606 1530 (349)
643 1447 853 1512 Onmmcro
884 1447 1071 1511 Cnurnnru
1102 1446 1371 1511 Assuuecrours
1407 1444 1530 1508 Benrr

465 1549 586 1614 Munus
611 1569 649 1614 ru
674 1567 801 1615 EADEM
824 1569 996 1616 nocensne
1019 1551 1247 1615 Coresmnrn
1272 1550 1416 1614 Rreou’.

508 1705 683 1770 Vniuersis
708 1711 744 1770 et
768 1706 910 1791 singulis
934 1707 994 1790 xpi
1019 1706 1177 1769 fidelibus
1201 1704 1290 1769 hanc
1315 1710 1447 1767 cartam
1472 1703 1531 1766 tri·

420 1809 587 1892 partitam
621 1810 745 1874 visuris
778 1811 833 1874 vel
866 1810 1046 1875 audituris,
1094 1809 1212 1891 Joh’es
1245 1808 1287 1871 de
1321 1806 1463 1872 Fuliord
1496 1812 1530 1870 et

421 1913 570 1978 Rob’tus
594 1913 637 1977 de
663 1914 829 1989 Kendale,
855 1914 1040 1998 Capellam,
1065 1914 1212 1977 salutem
1236 1913 1270 1975 in
1295 1911 1385 1975 D’no
1409 1911 1531 1993 sempi-

420 2023 566 2082 ternam.
629 2017 774 2083 Nouerit
812 2018 1019 2082 vniuersitas
1050 2024 1165 2081 vestra
1200 2037 1261 2080 nos
1300 2016 1344 2079 ad
1383 2015 1529 2090 laudem,

418 2122 573 2206 gloriam,
590 2128 625 2186 et
641 2122 806 2187 honorem
821 2143 953 2188 summe
968 2129 1003 2185 et
1019 2121 1196 2185 individue
1211 2120 1401 2193 Trinitatis,
1419 2119 1531 2182 Patris

419 2233 454 2290 et
474 2226 548 2310 Filij
572 2233 608 2290 et
629 2227 777 2310 Spiritus
797 2227 926 2301 Sancti,
944 2226 1253 2311 gloriosissimeque
1272 2224 1411 2308 virginis
1431 2225 1531 2286 beate

419 2330 525 2394 Marie
559 2330 681 2394 matris
716 2330 797 2394 D'ni
832 2331 940 2394 nostri
974 2330 1059 2412 Jesu
1093 2329 1229 2403 Christi,
1264 2334 1531 2411 sanctorumque

418 2434 655 2517 apostolorum
689 2435 782 2498 Petri
815 2440 849 2498 et
883 2435 992 2509 Pauli,
1026 2440 1061 2497 et
1093 2432 1298 2498 sanctissimi
1331 2431 1531 2495 confessoris

418 2539 512 2603 beati
525 2538 673 2603 Willridi
687 2538 778 2603 Eccl.
794 2538 917 2623 Colleg.
934 2539 1059 2621 Ripon’
1075 2539 1178 2601 Ebor.
1194 2537 1279 2602 dioc.
1295 2543 1529 2621 patronorum,

418 2643 642 2726 omniumque
665 2648 864 2707 sanctorum
885 2642 959 2715 Dei,
978 2643 1013 2706 in
1038 2642 1146 2706 diuini
1170 2641 1283 2706 cultus
1307 2646 1531 2725 augmentum

419 2753 453 2811 et
499 2752 696 2811 nostrorum
742 2752 963 2831 peccatorum
1006 2746 1249 2821 remissionem,
1290 2745 1450 2810 fundasse
1495 2750 1530 2808 et

419 2852 593 2916 ordinasse
614 2873 654 2916 ac
674 2872 736 2935 pro
756 2858 923 2936 perpetuo
944 2857 978 2915 et
996 2852 1251 2935 imperpetuum
1267 2870 1407 2925 creasse,
1425 2870 1530 2914 unam

419 2962 622 3040 perpetuam
647 2956 846 3020 Cantariam
869 2956 971 3019 vuius
995 2955 1121 3039 ydonei
1145 2955 1318 3040 Capeliani
1342 2962 1376 3019 et
1400 2975 1530 3020 succes-

419 3081 534 3125 sorum
567 3080 707 3124 suorum
741 3065 905 3144 perpetue
939 3059 1040 3123 Gilde
1074 3066 1109 3123 et
1142 3060 1302 3124 Cantarie
1335 3060 1369 3123 in
1403 3061 1530 3123 honore

419 3164 676 3247 Assumpcionis
696 3166 797 3228 beate
819 3164 924 3228 Marie
944 3164 1092 3249 Virginis
1113 3165 1148 3228 in
1169 3164 1248 3229 eccl.
1270 3164 1352 3229 Coll.
1375 3164 1529 3248 predicta

421 3268 545 3352 Ripon'
561 3268 645 3333 inite
660 3268 866 3333 sufficienter
880 3275 914 3331 et
929 3269 1085 3342 fundate,
1098 3268 1142 3333 ad
1154 3269 1261 3333 altare
1272 3269 1529 3353 Assumpcionis

420 3374 520 3436 beate
540 3371 645 3436 Marte
663 3379 903 3456 nuncupatum
921 3373 955 3436 in
974 3373 1069 3437 dicta
1087 3374 1165 3439 eccl.
1186 3373 1267 3437 Coll.
1287 3374 1527 3449 constitutum,

420 3476 538 3541 diuina
572 3477 683 3540 officia
717 3477 932 3551 celebraturi,
967 3477 1071 3542 modo
1106 3478 1226 3553 torma,
1262 3484 1296 3542 et
1330 3478 1529 3543 condicione

420 3581 621 3664 subscriptis
654 3581 696 3644 de
729 3581 867 3665 speciali
900 3581 1041 3645 licencia
1074 3583 1347 3647 excellentissimi
1380 3583 1415 3647 in
1449 3583 1529 3668 Xpo
1598 3589 1687 3665 noya}

420 3685 582 3769 principis
600 3690 634 3748 et
654 3684 725 3748 d’ni
743 3685 807 3748 n’ri
826 3684 897 3748 d'ni
916 3685 1056 3749 Henrici
1076 3685 1178 3771 Regis
1196 3687 1316 3772 Anglie
1334 3694 1369 3751 et
1388 3688 1529 3752 Francie
1579 3656 1703 3704 chence.

420 3795 454 3852 et
473 3789 555 3853 ,d’ni
585 3789 749 3853 Hibemie
778 3790 893 3873 quarti
923 3796 1002 3873 post
1031 3798 1259 3873 conquestum
1288 3790 1409 3876 Anglie
1438 3813 1529 3858 anno

420 3892 513 3977 regni
544 3894 596 3957 sui
628 3900 763 3968 octaua,
792 3894 1039 3976 temporalibus
1070 3893 1393 3979 Archiepiscopatus
1424 3897 1527 3962 Ebor.

420 3996 494 4080 ipsa
513 3998 592 4061 sede
612 4017 673 4081 per
692 3998 826 4061 obitum
846 3999 935 4061 bone
955 3999 1117 4062 memorie
1138 3999 1276 4064 Ricardi
1296 4020 1405 4084 nuper
1424 4002 1527 4066 Ebor.
1544 4016 1615 4077 Abp.
1632 4013 1718 4076 Scrop

421 4100 675 4185 Archiepiscopi
701 4107 849 4165 vacante
875 4102 910 4165 in
937 4102 1097 4165 manibus
1123 4103 1229 4185 ipsius
1255 4104 1327 4167 d’ni
1353 4105 1418 4168 n’ri
1444 4106 1530 4190 regis

421 4207 550 4271 adtunc
572 4206 751 4281 existente,
774 4206 882 4269 eciam
902 4206 945 4269 de
966 4206 1140 4271 communi
1161 4227 1327 4273 consensu
1348 4209 1530 4273 voluntate

421 4311 549 4395 pariter
572 4317 606 4374 et
631 4330 771 4374 assensu
794 4310 998 4374 venerabilis
1022 4310 1165 4394 capituli
1190 4310 1268 4375 eccl.
1295 4310 1376 4377 Coll.
1404 4314 1528 4398 Ripon'

421 4414 605 4485 antedicte,
634 4413 856 4498 omniumque
880 4414 1025 4478 aliorum
1049 4434 1196 4498 quorum
1220 4415 1383 4480 intererat
1407 4417 1441 4481 in
1466 4419 1530 4482 hac

422 4525 519 4602 parte
556 4538 618 4602 pro
654 4516 850 4580 huiusmodi
881 4518 1044 4582 Cantaria
1075 4524 1242 4600 perpetua
1278 4519 1432 4595 obtenta,
1468 4542 1530 4605 pro

422 4622 585 4687 fratribus
614 4627 648 4685 et
677 4620 848 4684 sororibus
876 4627 1041 4706 perpetue
1065 4619 1163 4684 Gilde
1187 4620 1359 4686 antedicte
1383 4625 1472 4689 uiuis
1495 4631 1529 4688 et
1578 4635 1702 4698 objects.

422 4726 603 4800 defunctis,
622 4743 755 4788 necnon
772 4743 834 4806 pro
851 4725 978 4789 salubri
996 4729 1093 4788 statu
1109 4731 1227 4788 nostro
1244 4724 1327 4789 dum
1344 4727 1530 4793 vixerimus
