3950 5625
775 661 869 727 Aers
892 679 938 726 or
961 660 1140 728 Cerneres.
1450 659 1514 746 287

493 843 728 908 Concessimus
760 842 899 926 insuper
930 847 965 905 et
998 860 1058 926 per
1091 847 1264 926 presentes
1297 839 1517 908 concedimus
1564 842 1706 895 ntouovsr

403 948 517 1012 eidem
539 948 766 1013 sacratissime
787 952 899 1010 vestre
921 945 1096 1031 magistati
1118 953 1157 1010 vt
1180 945 1213 1011 in
1235 945 1392 1031 qualibet
1415 945 1518 1013 missa
1534 910 1707 1045 'hiiq'ss'ffiif'

404 1053 596 1138 Capitulari
628 1052 673 1117 ad
704 1050 844 1135 aliquod
876 1050 983 1115 altare
1016 1050 1152 1115 ecclesie
1184 1057 1300 1116 nostre
1333 1049 1519 1134 Collegiate
1600 1059 1671 1097 trinis

405 1157 582 1222 antedicte
596 1177 657 1241 per
670 1156 819 1241 aliquem
833 1161 990 1220 nostrum
1004 1155 1059 1220 vel
1073 1174 1306 1221 successorum
1322 1161 1517 1223 nostrornm

407 1268 471 1327 aut
497 1262 646 1347 aliquem
671 1261 880 1325 Canonicum
905 1260 1113 1325 confratrem
1140 1267 1295 1326 nostrum
1323 1259 1395 1327 sine
1421 1259 1518 1328 mini·

407 1372 521 1431 strum
545 1386 796 1451 quemcumque
821 1364 1036 1440 celebranda,
1062 1365 1182 1431 statim
1210 1371 1287 1450 post
1315 1363 1518 1433 lmccionem
1569 1367 1639 1418 ΜΝ
1656 1364 1703 1418 ⁸¹¹0

408 1471 521 1536 hostie
542 1477 576 1535 et
598 1469 878 1535 decantacionem
899 1469 953 1533 vel
975 1469 1158 1536 leccionem
1183 1470 1246 1535 Per
1267 1469 1385 1537 omnia
1406 1469 1517 1538 secula
1535 1433 1706 1558 iriiniiiiii'fi:

409 1575 612 1650 seculorum,
635 1581 669 1639 et
691 1580 772 1639 ante
794 1574 1049 1638 incohacionem
1073 1574 1145 1640 Pax
1172 1573 1321 1651 Domini,
1345 1574 1520 1643 celebrans
1578 1566 1624 1618 ''¹‘'
1642 1566 1706 1672 ‘'¹2⁶'‘

409 1681 483 1764 ipse
515 1701 585 1744 vna
617 1699 695 1744 cum
727 1679 790 1742 sibi
824 1679 1064 1743 assistentibus
1097 1678 1261 1745 ministris
1294 1678 1384 1747 inter
1416 1700 1451 1746 se
1485 1687 1518 1747 et
1546 1640 1707 1754 'iiii'i'tiii

411 1785 536 1849 chorus
578 1784 732 1848 similiter
773 1789 976 1867 prostratus,
1021 1783 1109 1848 inter
1149 1803 1185 1848 se
1228 1803 1291 1869 pro
1333 1783 1443 1852 sainte
1486 1791 1516 1852 et
1545 1768 1707 1889 ','}'¹,¹JJ„'5¹'':„

412 1889 650 1953 incolumitate
670 1909 709 1952 ac
730 1908 890 1972 prospero
911 1894 945 1951 et
966 1887 1053 1952 felici
1074 1895 1170 1953 statu
1191 1888 1385 1973 magistatis
1406 1895 1520 1957 vestre
1564 1875 1703 1957 wlnodus

412 1976 554 2078 singulis
592 1992 711 2058 diebus
749 1993 864 2076 quoad
903 1990 1058 2057 uixeritis
1097 1992 1246 2078 psalmos
1285 1998 1319 2059 et
1359 1993 1521 2078 sniimgiu
1558 1970 1706 2090 ffiffi'gq

411 2098 594 2182 sequencia
606 2097 721 2161 dicent
734 2103 769 2161 et
781 2097 904 2181 legent,
925 2097 1095 2172 videlicet,
1117 2097 1291 2163 Exaudiet
1306 2105 1340 2163 te
1355 2097 1522 2165 Dominus
1549 2118 1616 2171 prm
1634 2081 1673 2157 tor
1688 2103 1704 2158 ¹¹

410 2203 446 2266 in
476 2202 530 2266 die
559 2201 801 2276 tribulacionis,
832 2207 867 2266 et
895 2207 1019 2277 cetera,
1049 2208 1084 2266 et
1114 2202 1283 2286 psalmum
1316 2201 1461 2269 Domine
1488 2201 1520 2269 in
1549 2170 1706 2291 “wilgisi

412 2307 543 2371 virtute
573 2312 634 2371 tua
664 2306 830 2370 letabitur
859 2325 928 2380 reX,
960 2312 995 2370 et
1024 2312 1148 2381 cetera,
1179 2326 1257 2371 cum
1288 2324 1373 2372 vers.
1406 2305 1520 2373 tilorin
1564 2303 1707 2364 'ltlbttll

356 2440 360 2447 ·
413 2411 519 2486 Patri,
537 2418 614 2486 etc,
632 2410 727 2475 Sicut
743 2415 827 2485 erat,
844 2416 920 2484 ete,
936 2410 980 2474 ad
997 2410 1099 2475 tinem
1113 2410 1292 2496 utriusque
1305 2409 1439 2496 psalmi,
1454 2430 1522 2477 vna
1553 2370 1707 2506 'diiudi'idi

414 2537 501 2580 curn¹
531 2515 758 2599 Kyrielayson
796 2513 883 2598 xpel’
924 2514 1051 2597 Kyriel.
1101 2515 1204 2579 Pater
1234 2520 1350 2580 noster
1380 2522 1413 2581 et
1451 2515 1524 2581 due¹
1565 2510 1698 2570 arnume-

418 2620 535 2696 Maria,
567 2619 689 2684 deinde
721 2619 901 2683 Conirater
931 2625 1047 2684 noster
1070 2619 1141 2684 siue
1170 2619 1325 2685 Minister
1351 2619 1526 2686 celebrans

417 2725 517 2800 dicet,
538 2730 573 2788 et
588 2725 711 2788 chorus
727 2730 766 2787 vt
783 2723 887 2787 moris
903 2729 965 2798 est,
985 2724 1030 2787 Et
1047 2744 1169 2789 nenos
1186 2723 1339 2799 inducas,
1355 2730 1420 2790 etc,
1461 2723 1526 2790 sot

417 2830 523 2894 libera
539 2850 611 2904 nos,
630 2835 694 2893 etc.
743 2829 898 2912 Exurgat
917 2829 1010 2893 Deus
1028 2835 1062 2893 et
1080 2828 1291 2912 dissipentur
1309 2828 1434 2894 inimici
1453 2828 1525 2894 eius

418 2940 452 2998 et
476 2934 610 3018 fugiant
633 2934 693 3017 qui
718 2934 865 2997 oderunt
881 2953 960 2997 eum
976 2954 997 2997 a
1017 2932 1102 2998 facie
1118 2933 1200 3008 eius,
1228 2933 1372 2998 Domine
1389 2934 1524 3000 saluum

418 3039 472 3104 iac
491 3059 603 3123 regern
622 3044 778 3101 nostrum
798 3038 986 3101 Henricum
1003 3036 1196 3122 Septimum
1216 3044 1251 3102 et
1268 3037 1392 3102 exaudi
1410 3058 1471 3102 nos
1491 3036 1525 3103 in

418 3143 472 3207 die
496 3164 566 3227 qua
591 3142 864 3208 inuocauerimus
890 3149 935 3218 te,
962 3142 1063 3206 mitte
1088 3142 1118 3206 ei
1145 3142 1310 3208 auxilium
1336 3141 1379 3206 de
1404 3148 1526 3207 sancto

420 3254 454 3312 et
470 3247 512 3312 de
529 3248 621 3331 Syon
638 3253 733 3311 tuere
750 3267 839 3311 eum.
883 3247 968 3311 Esto
985 3247 1014 3311 ei
1033 3247 1178 3310 Domine
1196 3246 1298 3311 turris
1314 3245 1527 3311 fortitudinis

420 3373 440 3416 a
465 3352 550 3416 facie
574 3351 713 3426 inimici,
740 3349 853 3415 Nichil
879 3351 1036 3435 proficiat
1061 3350 1219 3415 inimicus
1243 3351 1276 3415 in
1303 3371 1352 3426 eo,
1379 3356 1414 3414 et
1439 3350 1552 3416 tilius·

421 3455 613 3541 iniquitatis
640 3476 709 3519 non
737 3462 890 3540 apponat
918 3475 1039 3520 nocere
1066 3455 1106 3519 ei.
1155 3455 1323 3519 Dominus
1349 3460 1528 3519 conseruet

421 3581 499 3625 eum
523 3566 557 3625 et
581 3560 733 3624 vivificet
758 3580 836 3624 eum
860 3567 894 3624 et
919 3561 1063 3624 beatum
1088 3559 1193 3623 iaciat
1213 3580 1292 3623 eum
1311 3559 1345 3622 in
1366 3565 1467 3635 terra,
1494 3565 1528 3623 et

421 3686 489 3729 non
517 3665 633 3729 tradat
662 3685 740 3729 eum
768 3665 802 3728 in
830 3664 982 3728 animam
1010 3663 1226 3727 inimicomm
1253 3664 1334 3727 eius.
1383 3663 1529 3728 Domine

421 3769 482 3833 fiat
509 3790 578 3854 pax
606 3769 641 3832 in
668 3769 799 3833 virtute
827 3774 898 3843 tua,
929 3768 974 3832 Et
1002 3767 1244 3831 habundancia
1275 3768 1322 3850 (in
1350 3768 1528 3851 turribus)¹

422 3874 500 3939 tuis.
548 3873 694 3937 Domine
717 3872 841 3937 exaudi
864 3872 1058 3936 oracionem
1080 3891 1203 3946 meam,
1228 3878 1263 3935 et
1285 3871 1413 3935 clamor
1434 3892 1530 3936 meus

422 3977 466 4041 ad
500 3977 572 4060 (te)¹
605 3977 733 4041 veniat.
782 3976 951 4039 Dominus
982 3976 1172 4039 vobiscum.
1220 3976 1266 4040 Et
1297 3995 1376 4039 cum
1407 3975 1530 4059 spiritu

423 4088 493 4147 tuo,
540 4082 694 4146 Oremus
743 4080 797 4143 Da
823 4099 1010 4164 quesumus
1036 4079 1254 4163 omnipotens
1281 4081 1374 4143 Deus
1399 4078 1531 4143 famulo

423 4192 483 4251 tuo
518 4185 602 4269 Regi
635 4191 753 4249 nostro
787 4184 936 4248 Henrico
970 4184 1125 4268 Septimo
1157 4183 1305 4247 salutern
1338 4183 1463 4247 mentis
1496 4191 1531 4248 et

423 4290 572 4374 corporis
600 4296 635 4353 et
663 4288 705 4352 de
733 4289 891 4353 hostibus
920 4288 1147 4372 triumphum,
1177 4293 1216 4351 vt
1245 4288 1343 4352 bonis
1372 4288 1531 4371 operibus

423 4393 610 4458 inherendo
632 4400 694 4457 tua
715 4413 849 4474 semper
870 4398 1044 4456 mereatur
1065 4391 1280 4476 proteccione
1301 4391 1449 4467 defendi,
1472 4412 1532 4475 per

425 4498 519 4582 Xpm
536 4498 723 4561 Dominum
739 4502 904 4561 nostrum.
952 4495 1039 4560 Cum
1051 4516 1132 4560 vero
1145 4496 1189 4559 ab
1202 4495 1266 4558 hae
1278 4494 1352 4559 luce
1365 4495 1532 4580 migraue-
1567 4506 1633 4582 jnnd
1648 4505 1706 4554 arte

424 4603 508 4676 ritis
530 4607 657 4665 extunc
677 4602 712 4664 in
732 4600 826 4664 omni
848 4599 1047 4684 supradicta
1067 4600 1171 4663 missa
1190 4598 1371 4682 capitulari
1391 4620 1452 4683 per
1470 4620 1532 4662 nos
1546 4573 1588 4620 ¹¹¹³
1601 4571 1695 4629 death,

1546 4640 1600 4687 like
1622 4653 1705 4687 mann

425 4706 479 4770 vel
501 4705 650 4789 aliquem
672 4723 905 4769 successorum
928 4709 1125 4768 nostrorum
1147 4706 1208 4766 aut
1230 4701 1379 4786 aliquem
1400 4703 1533 4767 contra·
1605 4739 1614 4753 ·

497 4861 505 4885 ¹
524 4857 651 4908 Omitted
664 4856 693 4907 in
704 4855 761 4906 MS.
