3950 5625
511 734 574 802 292
796 720 825 785 T
827 737 875 785 ur
900 720 1057 785 lucum(
1080 721 1326 787 Manuscrupr.

334 900 411 976 to‘be
424 915 463 948 re·
510 899 682 973 nentibuS,
713 899 769 998 vi}
801 899 836 964 in
867 905 1002 965 tectura
1029 920 1157 994 eorum,
1185 920 1272 984 quos
1298 900 1438 984 quidem
1465 900 1624 965 defectus

327 967 466 1082 Ρὲἰξζεέε
511 1003 660 1067 iniunxit
696 1023 757 1087 per
792 1003 966 1087 prefatum
1004 1005 1048 1068 M.
1087 1004 1256 1069 Thomam
1294 1004 1497 1088 Wilkynson
1534 1005 1624 1070 citra

510 1107 637 1171 festum
658 1107 733 1172 lnu.
755 1108 787 1172 S.
809 1108 923 1172 Crucis
942 1108 1181 1192 supradictum
1200 1109 1327 1184 debite,
1347 1109 1567 1185 sufficienter,
1588 1115 1624 1174 et

509 1211 658 1294 perfecte
679 1211 827 1295 reparari
848 1213 912 1276 sub
928 1232 1018 1295 pena
1034 1213 1095 1276 xlta
1115 1212 1303 1277 solidorum
1323 1213 1450 1277 fabrice
1471 1213 1624 1277 Ecclesie

509 1315 661 1399 predicte
681 1315 965 1399 applicandorum
985 1336 1079 1380 more
1099 1336 1159 1400 per
1178 1317 1294 1381 omnia
1313 1323 1353 1380 vt
1372 1337 1486 1401 supra.

958 1493 1167 1559 Nuuwrim.

302 1624 485 1740 εξξὲξζξῇζῗη
598 1648 687 1711 ltem
726 1649 880 1733 prefatus
920 1649 964 1711 M.
1008 1647 1186 1711 Presidens
1224 1648 1356 1711 inuenit
1391 1647 1547 1712 defectus
1587 1650 1625 1714 in

331 1759 379 1807 the
398 1772 458 1821 pre·
508 1753 650 1816 diuersis
662 1754 805 1817 cameris
818 1754 861 1817 M.
876 1753 1008 1816 Thome
1021 1752 1147 1827 Blithe,
1162 1751 1336 1816 Canonico
1348 1758 1382 1816 et
1395 1752 1625 1836 prebendario

295 1825 493 1940 beplarfflioruse
507 1857 679 1941 prebende
708 1857 750 1921 de
780 1856 949 1921 Nunwike
975 1857 1240 1940 pertinentibus,
1266 1877 1308 1920 ex
1335 1863 1433 1940 parte
1463 1856 1625 1921 orientali

354 1959 435 2014 roois,
508 1962 630 2025 domus
652 1961 870 2045 prebendalis
892 1961 1031 2035 ibidem,
1054 1961 1120 2025 vir.
1146 1961 1181 2025 in
1204 1967 1339 2025 tectura
1361 1960 1559 2037 earundem,
1584 1983 1626 2026 ac

336 2052 458 2153 woodlll)
508 2067 615 2130 eciam
638 2066 770 2130 inuenit
793 2065 880 2130 duos
901 2064 1028 2150 gradus
1050 2064 1179 2149 ligneos
1200 2086 1306 2149 prope
1327 2065 1454 2129 ostium
1476 2066 1626 2149 coquine

312 2171 393 2246 stans
407 2171 474 2219 with
507 2170 634 2233 ibidem
657 2191 736 2234 cum
759 2169 902 2234 tecturis
924 2169 1112 2233 eorundem
1135 2169 1291 2233 totaliter
1312 2170 1497 2234 distructos
1520 2176 1556 2233 et
1578 2170 1626 2234 ad

313 2237 479 2351 trgeergrrffigs.
507 2280 634 2338 terram
659 2280 861 2357 prostratos,
887 2274 949 2358 qui
973 2273 1114 2357 quidem
1138 2273 1265 2358 gradus
1290 2274 1334 2338 ad
1358 2273 1444 2338 duas
1468 2294 1625 2339 cameras

293 2368 490 2500 kffileffig
507 2377 634 2442 ibidem
659 2379 851 2461 prebebant
877 2379 1078 2462 ingressum,
1105 2399 1192 2462 quos
1217 2398 1299 2443 vero
1323 2377 1478 2442 defectus
1502 2398 1626 2443 omnes

318 2517 356 2564 up
370 2506 400 2552 to
412 2506 469 2551 two
507 2488 541 2546 et
565 2481 716 2566 singulos
739 2482 894 2566 prefatus
918 2482 962 2546 M.
980 2478 1168 2546 ¹Presidens
1191 2482 1342 2546 iniunxit
1364 2502 1424 2566 per
1446 2482 1624 2566 prefatum

313 2570 474 2698 {ffleaffy
507 2586 550 2650 M.
587 2586 757 2650 Thomam
794 2586 909 2649 Blithe
943 2587 1031 2650 citra
1065 2585 1088 2649 f.
1126 2584 1202 2650 Inv.
1241 2586 1272 2650 S.
1310 2586 1345 2650 C.
1381 2585 1625 2670 supradictum

333 2702 453 2817 ruicrlrous
505 2690 721 2765 sufficienter,
743 2690 906 2774 perfecte,
929 2696 964 2754 et
984 2690 1101 2754 debite
1121 2690 1273 2774 reparari
1293 2695 1328 2754 et
1348 2689 1536 2755 reedificari
1556 2692 1624 2755 sub

335 2782 370 2817 an
404 2783 450 2817 are

293 2840 324 2885 ω
338 2836 373 2884 b,
390 2836 490 2899 repair-
506 2815 595 2879 pena
614 2793 675 2858 xlta
695 2793 883 2859 solidorum
902 2815 997 2859 more
1016 2799 1056 2859 vt
1076 2815 1180 2879 supra
1199 2794 1493 2879 applicandorum.

302 2903 335 2951 ed
344 2916 373 2950 as
385 2902 483 2951 above.

951 2967 1172 3031 Mouuerou.

317 3129 471 3191 Derects'in
595 3120 684 3184 Item
703 3120 858 3203 prefatus
877 3119 921 3185 M.
942 3120 1122 3185 Presidens
1140 3121 1273 3185 inuenit
1292 3121 1446 3186 defectus
1464 3121 1499 3185 in
1518 3120 1625 3186 domo

307 3210 479 3330 Ἕξιρίξζξζξ·
506 3224 707 3309 prebendali
728 3223 770 3287 de
793 3225 981 3290 Monketon
1003 3226 1200 3308 pertinente
1222 3226 1268 3290 M.
1292 3226 1410 3309 Joh’ni
1431 3226 1624 3311 Hawkyns,

308 3344 371 3399 viz,
386 3343 414 3390 in
427 3342 476 3390 the
507 3329 679 3393 Canonico
701 3334 736 3392 et
760 3328 1005 3393 Prebendario1
1030 3329 1193 3406 eiusdem,
1216 3330 1282 3395 vir.
1307 3330 1342 3395 in
1365 3336 1500 3395 tectura
1521 3351 1627 3414 super

294 3410 372 3540 8ξὲξῖ
385 3409 492 3531 iilhin
507 3453 670 3517 magnam
707 3432 823 3497 aulam
859 3432 998 3509 ibidem,
1036 3439 1071 3498 et
1108 3434 1217 3498 eciam
1253 3434 1409 3499 defectus
1444 3434 1479 3498 in
1516 3434 1625 3499 muris

324 3543 372 3591 the
384 3546 465 3591 stone
507 3536 650 3621 lapideis
683 3536 863 3601 cuiusdam
897 3536 974 3620 orrij
1013 3536 1152 3613 ibidem,
1189 3544 1224 3602 et
1254 3538 1290 3602 in
1329 3544 1424 3603 certo
1453 3539 1621 3603 merimio,

294 3610 495 3725 wfflffidof
508 3640 671 3716 eiusdem,
697 3646 732 3704 et
759 3641 794 3705 in
822 3641 929 3705 muris
952 3640 1097 3725 lapideis
1123 3642 1269 3725 coquine
1293 3641 1431 3719 ibidem,
1454 3647 1490 3706 et
1514 3643 1623 3707 eciam

307 3758 324 3791 ὃ
337 3742 485 3856 bamband
509 3747 544 3810 in
561 3746 670 3809 muris
686 3744 833 3829 granarij
856 3751 891 3809 et
911 3746 1013 3809 vnius
1032 3746 1179 3822 stabule,
1200 3766 1288 3830 quos
1306 3746 1447 3831 quidem
1467 3746 1623 3812 defectus

336 3812 457 3933 ιῗνξιῒιςῗῒ
510 3849 665 3934 prefatus
689 3850 733 3914 M.
757 3849 936 3913 Presidens
959 3850 1111 3914 iniunxit
1134 3870 1195 3934 per
1218 3851 1392 3935 prefatum
1417 3851 1460 3915 M.
1486 3851 1624 3934 Joh'em

297 3943 379 4057 tg‘dffi
390 3942 495 4058 ζζξζξ
511 3955 690 4038 Hawkyns
716 3954 802 4018 citra
831 3953 853 4018 f.
884 3954 960 4018 Inv.
991 3954 1023 4019 S.
1051 3953 1086 4019 C.
1114 3953 1329 4038 sepedictum
1357 3956 1422 4021 sub
1449 3975 1539 4039 pena
1565 3956 1626 4019 xla

511 4058 697 4122 solidomm
723 4058 862 4122 fabrice·
881 4058 1022 4123 ecclesie
1050 4058 1132 4123 Coll.
1161 4058 1314 4143 predicte
1341 4059 1624 4143 applicandorum

513 4163 628 4226 debite
654 4167 689 4225 et
716 4162 866 4246 perfecte
882 4163 1043 4246 reparari.

850 4329 1052 4411 (Visitation
1077 4328 1289 4411 continued).

364 4506 438 4555 1511,
601 4482 770 4546 Vicesimo
804 4488 930 4547 octauo
965 4481 1019 4547 die
1054 4482 1180 4546 mensis
1214 4482 1373 4567 Augusti,
1407 4482 1510 4545 Anno
1545 4483 1625 4548 D'ni

336 4562 407 4624 nug.
421 4564 465 4610 ²⁸·
513 4586 722 4670 supradicto,
745 4586 900 4670 prefatus
922 4587 966 4651 M.
992 4587 1171 4651 Presidens
1192 4586 1342 4670 Capituli
1364 4585 1409 4649 ad
1431 4586 1625 4651 Mansiones

585 4804 592 4826 ¹
611 4800 668 4851 MS.
683 4800 732 4849 has
747 4801 764 4823 “
774 4798 905 4849 Canonici
919 4804 947 4849 et
961 4800 1170 4865 Prehendarij.”
