3950 5625
500 712 564 778 280
786 713 865 777 Tne
890 713 1045 777 Iuenna
1070 710 1317 776 Mnuuscnu’r.

498 913 603 976 quam
637 893 789 976 ipsorum
824 912 1032 956 successores
1066 912 1184 955 omnes
1218 897 1253 955 et
1287 890 1410 974 singuli
1445 889 1620 954 canonice

499 997 678 1072 intrantes,
706 997 884 1061 habebunt
910 997 1164 1081 imperpetuum
1190 1017 1291 1061 vsum
1316 995 1547 1060 Almiciorum
1575 994 1620 1058 de

499 1101 529 1164 le
548 1101 715 1184 Calayber
733 1101 767 1165 in
786 1100 906 1165 eodem
924 1106 1021 1165 statu
1038 1100 1133 1185 quali
1152 1107 1233 1165 sunt
1253 1121 1396 1185 persone
1414 1100 1449 1163 in
1469 1099 1619 1164 ecclesia

500 1205 751 1290 metropolitica
773 1206 866 1270 beati
889 1205 982 1269 Petri
1004 1205 1106 1269 Ebor.
1131 1205 1258 1268 talibus
1280 1203 1447 1287 Almucijs
1471 1209 1618 1268 vtentes

499 1317 534 1374 et
554 1311 661 1374 eciam
680 1310 873 1375 Cantariste
892 1311 927 1374 in
947 1309 1099 1374 Ecclesia
1118 1308 1305 1393 Collegiata
1324 1309 1417 1373 beati
1438 1308 1616 1390 Johannis

501 1414 686 1489 Beuerlaci,
713 1420 747 1477 et
771 1414 865 1499 quod
890 1413 1010 1478 eodem
1035 1413 1139 1477 modo
1164 1413 1396 1478 admittantur
1421 1412 1465 1477 ad
1491 1413 1616 1477 diuina

501 1518 534 1581 in
548 1518 651 1581 choro
664 1517 755 1581 dicte
769 1517 917 1581 Ecclesie
930 1516 1146 1581 ministrand.
1162 1516 1206 1581 ad
1220 1523 1345 1581 nutum
1358 1523 1393 1581 et
1406 1522 1614 1601 preceptum

502 1621 832 1687 Residenciariorum
866 1622 900 1686 in
934 1622 1028 1686 dicta
1061 1622 1214 1686 Ecclesia
1246 1621 1471 1686 residencium
1506 1627 1541 1685 et
1577 1622 1613 1686 in

501 1746 619 1790 eorum
646 1726 806 1790 absencia
833 1726 877 1792 ad
905 1732 1106 1810 preceptum
1135 1726 1291 1791 Rectoris
1318 1726 1421 1801 chori,
1452 1732 1486 1789 et
1515 1725 1612 1810 quod

501 1831 621 1895 diebus
641 1831 772 1895 iestiuis
792 1831 957 1895 adiuuent
976 1831 1119 1894 chorum
1139 1831 1173 1894 in
1192 1837 1298 1895 cantu
1317 1837 1351 1894 et
1371 1829 1575 1914 psalmodia.

289 1964 488 2088 ζξῗὲᾞξθοξξ)
590 1973 679 2037 ltem
709 1978 882 2037 statutum
912 1979 964 2037 est
994 1973 1087 2056 quod
1117 1973 1241 2055 Vicarij
1274 1971 1426 2036 chorales
1455 1972 1611 2036 eiusdem

286 2098 321 2146 au
333 2087 486 2159 feast'uays
502 2077 592 2141 Eccl.
609 2076 689 2141 Coll.
706 2078 933 2161 obsequentes
947 2077 1016 2140 sint
1030 2077 1065 2139 in
1080 2076 1239 2140 omnibus
1253 2076 1349 2139 festis
1362 2075 1611 2159 principalibus

287 2169 318 2214 to
329 2165 449 2280 ffiffij
460 2165 487 2212 ³¹¹
502 2188 536 2244 et
554 2181 661 2244 eciam
680 2180 839 2244 omnibus
857 2180 933 2264 alijs
951 2181 995 2245 ad
1013 2181 1129 2245 omnia
1147 2186 1181 2244 et
1199 2179 1332 2264 singula
1349 2179 1468 2244 diuina
1485 2180 1631 2263 parim--

294 2298 382 2347 called
396 2312 482 2362 upon.
502 2285 627 2368 plenda
664 2292 699 2348 et
736 2284 940 2348 celebranda
977 2285 1012 2348 in
1049 2285 1143 2348 dicto
1180 2285 1283 2348 choro
1321 2283 1365 2348 ad
1402 2283 1611 2347 mandatum

502 2391 673 2454 dictorum
707 2389 1050 2465 Residenciariorum,
1085 2395 1120 2452 et
1153 2389 1187 2452 in
1221 2409 1338 2452 eorum
1371 2388 1533 2452 absencia
1566 2388 1611 2452 ad

502 2493 707 2559 mandatum
725 2494 880 2558 Rectoris
897 2495 991 2558 chori
1009 2493 1170 2568 eiusdem,
1190 2478 1319 2577 absque
1336 2492 1611 2557 murmuracione

502 2606 642 2684 propter
660 2599 831 2663 meritum.

305 2728 467 2845 efleaffissst‘o
591 2740 680 2804 Item
703 2747 877 2805 statutum
901 2748 952 2804 est
976 2739 1070 2825 quod
1095 2739 1249 2814 Diaconi,
1275 2737 1493 2814 Subdiacom,
1519 2738 1610 2803 Thu-

288 2834 417 2925 treqiint
441 2863 487 2912 the
503 2845 669 2930 ribularij,
687 2853 722 2910 et
738 2846 893 2910 Clroriste
909 2846 1061 2910 eiusdem
1078 2844 1227 2909 Ecclesie
1243 2843 1427 2928 Collegiate
1442 2843 1560 2908 debite
1576 2849 1610 2906 et

300 2943 476 3046 chfflffid
503 2949 633 3014 solicite
685 2938 906 3034 frequentant
956 2950 1065 3014 scolas
1115 2949 1363 3034 gramaticaleS,
1415 2954 1450 3012 et
1501 2948 1609 3012 eciam

289 3062 487 3125 song-senous.
503 3054 689 3130 cantuales,
715 3062 754 3118 ut
778 3055 910 3120 fructus
933 3055 1072 3118 vberius
1095 3054 1129 3118 in
1154 3053 1255 3118 vinea
1278 3053 1342 3116 Dei
1366 3052 1554 3136 ampliatur
1576 3058 1611 3116 et

503 3166 680 3244 augeatur,
701 3166 735 3224 et
755 3161 819 3224 hoc
838 3161 902 3224 sub
922 3180 1012 3243 pena
1031 3158 1241 3243 expulcionis
1261 3159 1305 3222 ab
1324 3156 1445 3240 officijs
1463 3156 1543 3222 suis.

290 3293 463 3410 Hlls·kl0l{¹h
593 3301 692 3376 Item,
722 3307 896 3365 statutum
925 3307 959 3364 et
988 3301 1186 3365 ordinatum
1214 3306 1267 3364 est
1294 3298 1388 3384 quod
1418 3299 1463 3363 M.
1494 3299 1612 3381 Joh'es

301 3376 438 3476 tpeqsppesr
455 3378 489 3478 ige
505 3406 692 3489 Hawkyns,
722 3406 967 3470 Thesaurarius
998 3406 1182 3470 modernus
1213 3405 1304 3470 Eccl.
1333 3405 1415 3470 Coll.
1446 3405 1609 3489 predicte,

319 3498 350 3543 to
349 3495 401 3609 dff}
417 3495 459 3544 ¹¹³³
503 3509 618 3574 debite
635 3511 670 3574 in
687 3511 846 3574 omnibus
863 3516 898 3574 et
914 3530 975 3594 per
991 3510 1107 3574 omnia
1123 3509 1326 3593 perimpleat
1343 3508 1493 3573 officium
1510 3529 1611 3573 suum

402 3577 429 3624 y·
503 3614 602 3679 iuxta
626 3620 760 3679 statuta
785 3621 819 3678 et
844 3613 1108 3678 consuetudines
1132 3613 1321 3678 laudabiles
1345 3613 1436 3677 dicte
1461 3613 1611 3677 Ecclesie

503 3724 618 3782 nostre
638 3718 821 3801 Collegiate
839 3717 982 3802 proinde
1001 3718 1096 3783 edita
1112 3725 1146 3782 et
1162 3719 1302 3793 vsitata,
1320 3724 1424 3802 prout
1440 3738 1560 3783 omnes
1575 3724 1610 3782 et

502 3822 625 3907 singuli
643 3822 895 3907 predecessores
913 3822 965 3886 sui
984 3822 1101 3886 debite
1119 3822 1420 3907 perimpleuerunt.

502 3989 753 4053 CONFIRMACIO
783 3990 858 4053 D’Nl
888 3989 1168 4054 ARCHIEPISCOPI
1193 3990 1305 4053 EBOR.
1332 4003 1506 4052 OMNIUM¹
1532 4004 1610 4053 STA-

546 4111 718 4158 TUTORUM
744 4110 782 4156 IN
808 4110 982 4157 PRESENTI
1009 4094 1294 4158 CONUOCACIONE
1318 4109 1595 4157 ORDINATORUM.

313 4228 468 4346 Tblffilfgflffl·
590 4236 850 4299 Memorandum
864 4236 957 4319 quod
971 4235 1088 4299 omnia
1102 4243 1136 4300 et
1150 4235 1283 4320 singula
1296 4241 1432 4300 statuta
1445 4235 1610 4318 premissa

287 4312 486 4414 Confirniatlon
503 4339 818 4405 Reuerendissimus
842 4340 876 4404 in
902 4339 982 4424 Xpo
1006 4347 1105 4424 pater
1128 4348 1163 4405 et
1188 4340 1347 4405 dominus
1371 4340 1448 4404 d'ns
1471 4338 1607 4413 Tho'as,

502 4444 565 4507 Dei
607 4444 721 4529 gracia
763 4443 866 4507 Ebor.
910 4444 1194 4530 Archiepiscopus
1236 4444 1357 4528 Anglie
1400 4444 1531 4508 Primas
1573 4450 1608 4508 et

500 4548 696 4632 Apostolice
707 4546 796 4610 sedis
807 4546 940 4631 legatus
952 4549 997 4612 ad
1009 4549 1154 4633 speciale
1166 4555 1324 4633 rogatum
1336 4548 1447 4613 tocius
1458 4547 1607 4632 Capituli

501 4653 666 4717 antedicti
691 4658 829 4716 matura
853 4652 1100 4717 deliberacione
1125 4675 1165 4718 ac
1189 4658 1343 4718 tractatu
1367 4673 1469 4736 super
1492 4652 1606 4717 huius·

545 4771 586 4835 α’,
598 4806 621 4854 Α
634 4806 710 4856 word
723 4804 819 4854 erased
832 4804 904 4862 here,
919 4802 1068 4867 beginning
1081 4802 1149 4851 with
1165 4809 1179 4824 ‘¹
1189 4802 1264 4866 pre.'¹
