3950 5625
797 709 889 774 Acrs
913 726 958 774 or
982 709 1160 774 Cunrrrn.
1472 722 1533 791 157

429 892 490 976 leg.
516 891 668 965 collatos
696 895 731 954 te
754 889 790 953 in
814 909 995 973 personam
1020 888 1157 952 discreti
1181 888 1245 951 viri
1270 887 1399 952 domini
1425 887 1535 969 Joh'is

431 995 575 1070 Rednes,
605 993 789 1078 Capellani,
818 992 1049 1077 procuratoris
1077 992 1128 1055 tui
1156 992 1380 1056 sufficientem
1408 992 1442 1054 in
1471 992 1535 1055 hac

429 1105 526 1183 parte
569 1103 781 1183 potestatem
824 1097 994 1172 habentis
1040 1116 1079 1159 ac
1123 1096 1235 1179 ipsum
1279 1102 1535 1179 procuratorem

429 1204 566 1269 nomine
578 1209 639 1268 tuo
651 1202 880 1277 admittimus
893 1201 1032 1265 stallum
1044 1200 1079 1263 in
1091 1201 1194 1264 choro
1205 1200 1318 1264 locum
1330 1199 1365 1263 in
1377 1199 1536 1283 Capitulo

373 1305 376 1309 ’
430 1308 530 1372 dictis
553 1305 779 1372 Canonicatui
803 1311 837 1369 et
862 1304 1036 1369 Prebende
1060 1304 1270 1387 pertinentes
1293 1303 1357 1367 tibi
1380 1325 1420 1366 ac
1443 1303 1536 1366 dicto

430 1411 642 1496 procuratori
668 1410 806 1474 nomine
833 1415 894 1474 tuo
920 1408 1143 1493 assignamus
1171 1409 1351 1492 ipsumque
1378 1427 1536 1491 procura-

431 1523 540 1599 torem
576 1521 638 1580 tuo
674 1514 811 1578 nomine
847 1515 881 1577 in
918 1513 1127 1597 corporalem
1164 1513 1410 1596 possessionem
1446 1511 1537 1576 dicte

432 1619 606 1685 Prebende
645 1639 724 1683 cum
763 1619 832 1682 suis
870 1618 1001 1682 iuribus
1039 1622 1074 1680 et
1113 1616 1332 1700 pertinencijs
1371 1616 1537 1680 vniuersis

432 1725 612 1790 actualiter
631 1723 840 1798 induximus,
861 1722 991 1787 iuribus
1011 1727 1045 1785 et
1065 1721 1282 1786 libertatibus
1302 1728 1336 1785 et
1356 1727 1536 1786 consuetu-

432 1830 569 1894 dinibus
583 1828 710 1893 nostris
725 1833 759 1891 et
775 1827 911 1891 ecclesie
926 1832 1041 1890 nostre
1056 1845 1189 1909 semper
1203 1826 1316 1890 saluis.
1365 1827 1405 1889 In
1421 1847 1449 1890 c.
1467 1846 1491 1890 r.
1510 1832 1534 1889 t.

432 1933 492 2017 sig.
515 1953 548 1997 n.
571 1952 658 2016 pres
682 1936 733 1995 est
755 1950 954 2014 appensum.
1003 1931 1084 1994 Dat.
1109 1930 1186 2014 Rip.
1210 1931 1244 1994 in
1266 1931 1320 1995 do.
1344 1931 1418 1994 n’ra
1439 1930 1537 2014 Capi-

433 2037 544 2112 tulari,
564 2035 728 2100 vicesimo
746 2034 895 2099 secundo
913 2034 967 2097 die
986 2034 1111 2098 mensis
1130 2034 1259 2117 Marcii,
1279 2035 1380 2098 Anno
1398 2035 1536 2098 Domini

434 2141 611 2205 Millesimo
631 2138 974 2224 Quadringentesimo
995 2137 1121 2202 Nono.1

448 2305 533 2389 (231)
560 2304 757 2388 (Exchange
777 2301 812 2365 oi
831 2323 851 2365 a
871 2302 1018 2384 chantry
1038 2301 1090 2364 ior
1109 2323 1129 2365 a
1149 2301 1323 2385 parochial
1347 2301 1527 2390 vicarage)⁴

519 2447 609 2511 Acta
634 2445 755 2510 habita
780 2445 815 2508 in
841 2444 945 2508 domo
970 2443 1157 2527 Capitulari
1183 2450 1309 2528 quarto
1335 2444 1389 2508 die
1414 2444 1540 2508 mensis

434 2551 577 2636 Augusti
606 2551 708 2615 Anno
737 2548 875 2613 Domini
906 2547 1084 2612 Millesimo
1113 2560 1231 2613 ccccmo
1257 2549 1400 2625 decimo,
1425 2569 1540 2613 coram

434 2655 562 2740 Mag’ro
587 2654 736 2719 Will'mo
763 2651 898 2727 Cawod,
926 2651 1098 2716 Canonico
1125 2653 1362 2718 residenciario
1388 2653 1540 2718 eiusdem

434 2758 579 2835 ecclesie,
608 2763 643 2822 et
671 2757 752 2822 d’no
780 2755 881 2839 Joh'e
909 2755 950 2820 de
979 2758 1087 2834 Deen,
1117 2759 1342 2843 prebendario
1369 2758 1541 2843 prebende

436 2864 478 2928 de
503 2864 750 2947 Staynwygges
776 2862 1013 2945 capitulariter
1038 2863 1251 2948 congregatis
1278 2885 1317 2928 ac
1344 2864 1541 2948 Capitulum

436 2968 648 3042 iacientibus,
666 2966 825 3031 dominus
841 2966 959 3048 Joh'es
983 2968 1137 3043 Fullord,
1163 2968 1367 3052 Capelianus
1390 2970 1542 3033 cantorie

435 3072 478 3135 ad
499 3072 607 3136 altare
629 3071 695 3135 S’ci
717 3070 851 3134 Andree
876 3071 911 3134 in
934 3072 1013 3136 eccl.
1037 3072 1218 3156 predicta,²
1240 3079 1274 3136 et
1296 3072 1372 3137 d’ns
1395 3074 1543 3137 Rob'tus

436 3176 574 3259 Lytster
591 3175 676 3239 alias
694 3174 806 3239 dictus
823 3174 865 3238 de
879 3174 1130 3261 Asmonderby,
1144 3177 1291 3241 vicarius
1304 3177 1346 3241 de
1357 3177 1544 3252 Aluethle,3

438 3279 660 3344 Londinensis
681 3278 781 3353 dioc,
803 3287 1070 3362 comparuerunt
1091 3301 1206 3345 coram
1227 3281 1405 3345 Canonicis
1426 3301 1544 3365 supra·

436 3383 546 3460 dictis,
590 3388 777 3447 asserentes
819 3402 854 3445 se
895 3383 982 3446 velle
1024 3404 1086 3448 sua
1128 3385 1292 3449 beneficia
1334 3393 1540 3469 permutare,

437 3488 591 3551 exhibita
613 3507 673 3570 per
693 3492 827 3571 partem
851 3486 921 3550 d'ni
944 3487 1055 3569 Joh'is
1077 3489 1119 3553 de
1142 3490 1283 3554 Fuliord
1305 3491 1542 3555 commissione

437 3593 508 3657 d’ni
537 3591 785 3657 Londoniensis
815 3592 903 3676 Ep'i,
935 3593 1007 3656 veri
1037 3595 1173 3677 patroni
1202 3594 1327 3659 vicarie
1357 3595 1541 3670 antedicta
1556 3612 1608 3673 Bp.
1632 3608 1726 3655 criffor

437 3697 622 3782 oblataque
643 3697 900 3781 presentacione
921 3698 1051 3762 Thome
1072 3698 1114 3761 de
1136 3699 1382 3784 Merkyngield,
1405 3699 1542 3784 patroni

438 3801 608 3877 Cantarie,
636 3800 809 3885 predictus
834 3821 894 3885 per
920 3801 1112 3867 Robertum
1138 3802 1330 3886 predictum
1356 3825 1395 3868 ac
1421 3804 1543 3868 deinde

438 3906 578 3991 negocio
605 3905 872 3990 permutacionis
901 3906 1050 3990 legitime
1079 3907 1277 3970 examinato
1306 3914 1340 3971 et
1370 3908 1542 3992 expedito,

440 4010 652 4094 prestitoque
684 4009 877 4074 iuramento
910 4011 1077 4095 corporali
1110 4031 1170 4094 per
1201 4011 1333 4076 dictum
1366 4012 1545 4077 dominum

441 4116 632 4179 Robertum
651 4114 692 4178 de
711 4114 889 4179 seruiendo
908 4115 1067 4179 Cantarie
1085 4115 1237 4198 predicte
1255 4116 1443 4181 secundum
1462 4117 1544 4192 vim,

441 4219 597 4294 formam,
639 4224 674 4282 et
714 4218 875 4283 effectum
916 4218 1143 4283 ordinacionis
1183 4219 1334 4284 eiusdem
1375 4220 1545 4297 Cantarie,

440 4322 654 4406 presentibus
679 4322 858 4386 Canonicis
882 4320 1099 4406 supradictis,
1125 4322 1207 4386 d'no
1232 4323 1310 4405 Joh.
1339 4323 1485 4398 Rednes,
1512 4329 1546 4388 et

442 4427 527 4509 alijs,
551 4426 640 4491 Acta
662 4425 810 4507 Capituli
832 4431 1038 4491 emanarunt
1060 4426 1095 4488 in
1117 4425 1315 4509 formaque
1336 4427 1501 4510 sequitur.

513 4584 520 4607 ¹
540 4579 593 4628 For
606 4593 623 4627 a
637 4540 706 4626 later
719 4577 863 4625 induction
877 4578 906 4624 ol
920 4577 986 4625 R.P.
1002 4580 1033 4623 to
1046 4574 1093 4621 the
1106 4589 1182 4623 same
1201 4576 1332 4639 prebend,
1347 4591 1391 4624 see
1405 4576 1470 4625 Nos.
1487 4591 1546 4639 240,
1630 4594 1633 4597 ·

444 4657 458 4691 2
481 4658 501 4693 1.

460 4659 476 4706 4
512 4742 522 4765 ²
541 4736 686 4785 Admitted
704 4736 823 4796 1398-9;
843 4748 887 4780 see
901 4734 966 4782 Nos.
983 4732 1042 4784 266,
1059 4731 1117 4789 267,
1133 4735 1192 4782 268.

513 4833 523 4865 3
541 4827 656 4892 Alveley
669 4840 699 4873 or
712 4825 825 4888 Aveley,
840 4824 868 4869 in
882 4825 976 4875 Essex.
