3950 5625
475 705 538 786 236
761 707 839 772 Tua
864 707 1021 773 Iuorrsr
1045 708 1292 774 Manuscnrrr.

472 885 588 949 literas
612 893 746 951 nostras
770 886 879 972 sigillo
903 886 1002 971 officij
1030 886 1259 971 Commissarij
1287 888 1397 952 nostri
1424 889 1500 953 fieri
1525 890 1591 954 tibi

473 991 614 1055 fecimus
641 991 897 1056 testimoniales,
945 993 1027 1056 Dat.
1056 991 1161 1056 tercio
1187 992 1242 1056 die
1268 992 1396 1056 mensis
1423 993 1586 1078 Augusti,

472 1095 573 1160 Anno
622 1095 703 1160 D'ni
757 1095 935 1160 Millesimo
986 1096 1326 1191 quadringentesimo
1374 1098 1589 1182 sexagesimo

471 1200 628 1285 septimo

475 1369 562 1448 (332)
617 1367 848 1431 Aucromrns
901 1383 1169 1431 sorrnmznnor
1223 1367 1497 1433 Mnrmuouruu
1549 1388 1586 1434 rn

517 1470 682 1535 CAPELLA
706 1487 917 1536 ronrnsucn.

561 1613 760 1698 Capitulum
799 1613 936 1678 ecclesie
974 1613 1151 1698 collegiate
1190 1613 1284 1677 beati
1325 1613 1418 1678 Petri
1459 1615 1584 1700 Ripon’

475 1717 603 1782 Rob'to
630 1717 787 1802 Sherupp
813 1739 907 1802 perp.
936 1717 1064 1781 vicario
1091 1717 1262 1802 prebende
1288 1717 1331 1782 de
1359 1718 1526 1803 Stodelay
1553 1720 1587 1783 in

474 1821 604 1897 eadem,
631 1822 788 1886 salutem.
836 1822 883 1885 Vt
909 1821 944 1886 in
970 1822 1102 1905 capella
1127 1821 1192 1886 S'ci
1219 1821 1330 1904 Joh’is
1358 1823 1519 1907 Baptiste
1544 1825 1586 1888 de

473 1925 652 1990 Thomton
687 1933 883 1990 nostrorum
918 1925 1079 2010 territorij
1118 1932 1153 1989 et
1187 1925 1348 2009 parochie
1382 1927 1463 1992 eccl.
1501 1927 1583 1993 Coll.

473 2029 646 2094 antedicte
678 2030 939 2095 matrimonium
972 2030 1062 2094 inter
1095 2030 1283 2094 Henricum
1317 2030 1510 2096 Walworth
1543 2032 1586 2097 de

472 2135 650 2199 Thornton
676 2134 818 2218 predict.
847 2135 1095 2218 parochianum
1121 2141 1221 2199 tuum
1247 2155 1289 2198 ex
1315 2156 1386 2199 vna
1412 2142 1524 2220 parte,
1551 2143 1585 2201 et

474 2238 677 2303 Katerinam
713 2259 822 2322 nuper
856 2259 999 2303 vxorem
1034 2239 1137 2303 Will’i
1172 2239 1318 2322 Wythes
1353 2240 1396 2303 de
1434 2240 1584 2324 Kyrkby

473 2343 662 2407 Malveserd
686 2350 720 2407 et
744 2343 786 2406 de
810 2343 971 2427 parochia
995 2343 1147 2408 eiusdem
1170 2364 1213 2407 ex
1236 2343 1345 2409 altera
1368 2350 1468 2428 parte
1491 2345 1584 2410 licite

471 2447 587 2511 valeas
610 2447 819 2511 solennizare
846 2447 874 2511 si
902 2447 1042 2531 aliquod
1066 2448 1270 2512 canonicum
1295 2447 1583 2532 impedimentum

471 2572 540 2616 non
571 2551 728 2626 obsistat,
762 2557 879 2615 tenore
910 2552 1123 2636 presencium
1154 2551 1331 2616 licenciam
1362 2552 1583 2619 concedimus

471 2655 662 2741 specialem,
687 2656 771 2738 Jure
796 2708 802 2721 .
829 2708 835 2720 .
863 2709 869 2721 .
894 2655 998 2721 saluis
1024 2656 1073 2738 (as
1096 2656 1134 2720 in
1157 2656 1221 2721 Nu.
1246 2658 1335 2740 331).
1384 2658 1425 2722 ln
1449 2679 1477 2723 c.
1503 2679 1530 2724 r.
1556 2664 1581 2724 t.

470 2760 618 2846 sigillum
629 2760 740 2827 Officii
752 2760 980 2845 Commissarij
996 2761 1105 2826 nostri
1117 2761 1332 2846 presentibus
1345 2762 1580 2848 apposuimus.

470 2866 550 2931 Dat.
575 2866 609 2930 in
632 2866 685 2932 do.
710 2866 785 2930 n’ra
806 2866 863 2931 Ca.
888 2866 1013 2949 Ripon'
1037 2866 1189 2951 predicte
1210 2866 1321 2931 —die
1343 2888 1450 2933 mens.
1475 2868 1581 2952 Ju-¹

469 2970 570 3035 Anno
589 2970 670 3035 D’ni
690 2970 1069 3052 Mill’ioccccm01xvij0.

472 3151 558 3233 (333)
576 3151 806 3215 Aucromrns
822 3167 1092 3215 sorrunrznuor
1109 3150 1322 3215 Marmnonr
1326 3170 1341 3231 J
1358 3168 1398 3215 ru
1412 3151 1579 3217 Aunonn.

556 3293 755 3377 Capitulum
766 3293 844 3359 eccl.
858 3293 939 3358 Coll.
953 3295 986 3357 b.
1001 3294 1091 3357 Petr.
1106 3293 1230 3377 Ripon’
1245 3293 1375 3358 Rob’to
1386 3294 1581 3380 Brompton

469 3403 635 3482 perpetuo
651 3397 779 3462 vicario
795 3397 957 3482 prebend.
975 3397 1018 3462 de
1035 3398 1203 3462 Monkton
1219 3398 1254 3461 in
1270 3397 1402 3474 eadem,
1419 3399 1579 3465 salutem.

468 3503 515 3566 Vt
532 3508 610 3585 post
627 3502 747 3566 horam
764 3509 926 3586 quartam
943 3502 977 3566 in
995 3522 1119 3567 aurora
1135 3502 1169 3566 in
1186 3502 1336 3566 crastino
1352 3503 1581 3570 confeccionis

468 3606 680 3689 presencium
713 3606 747 3670 in
780 3607 858 3671 eccl.
893 3606 975 3672 Coll.
1010 3606 1165 3690 predicta
1198 3606 1458 3672 Matrimonium
1491 3608 1582 3673 inter

467 3710 636 3774 Thomam
653 3710 810 3774 Bamard
826 3731 869 3774 ex
891 3732 961 3775 vna
982 3718 1081 3795 parte
1104 3716 1139 3775 et
1161 3711 1390 3796 Margaretam
1413 3712 1581 3777 Dauson²

468 3834 509 3878 ex
525 3815 633 3877 altera
647 3821 746 3897 parte
762 3815 987 3899 parochianos
1003 3822 1082 3880 tuos
1097 3815 1142 3879 ad
1158 3821 1217 3880 tue
1232 3815 1372 3880 libitum
1386 3816 1580 3882 voluntatis

467 3918 619 4002 ipsorum
645 3918 815 3983 instancia
840 3919 1015 3984 mediante
1041 3919 1133 3983 licite
1159 3920 1276 3983 valeas
1301 3920 1523 3997 solennizare,
1550 3921 1580 3985 si

401 4070 404 4077 .
467 4022 607 4107 aliquod
634 4022 837 4087 canonicum
864 4024 1151 4107 impedimentum
1179 4045 1248 4088 non
1273 4024 1431 4100 obsistat,
1459 4030 1578 4090 tenore

467 4127 679 4211 presencium
704 4127 880 4191 licenciam
904 4127 1123 4193 concedimus
1147 4128 1338 4211 specialem.
1386 4128 1470 4210 Jure
1497 4182 1503 4194 .
1532 4182 1539 4195 .
1567 4182 1574 4194 .

469 4233 518 4314 (as
545 4231 583 4295 io
610 4231 674 4295 Nn.
704 4233 779 4313 331)
809 4232 935 4296 nostris
962 4232 998 4296 in
1025 4232 1185 4297 omnibus
1212 4252 1345 4316 semper
1371 4232 1485 4297 saluis.
1535 4234 1575 4297 In

466 4357 494 4400 c.
523 4356 548 4400 r.
578 4341 602 4399 t.
631 4335 698 4420 Sig.
727 4335 837 4420 Offieij
868 4320 1097 4420 Commissarij
1127 4337 1236 4402 nostri
1263 4336 1478 4421 presentibus
1506 4338 1578 4402 fore

466 4440 628 4505 duximus
647 4440 900 4523 apponendum.
948 4441 1030 4505 Dat.
1051 4441 1086 4504 in
1105 4440 1159 4505 do.
1180 4463 1213 4505 n.
1234 4441 1290 4504 Ca.
1311 4440 1504 4524 penultimo
1522 4441 1577 4506 die

466 4544 623 4629 Augusti,
655 4543 756 4607 Anno
788 4543 869 4607 D’ni
901 4544 1079 4609 Millesimo
1110 4544 1449 4629 quadringentesimo
1479 4565 1577 4609 sexa·

466 4648 594 4733 gesimo
612 4648 771 4732 septimo

536 4818 545 4842 ¹
564 4812 628 4862 Leit
640 4811 726 4861 blank
739 4811 766 4859 in
780 4811 837 4861 MS.
910 4817 920 4839 ²
938 4812 977 4860 Or
991 4811 1127 4861 Danson?
