3950 5625
722 708 816 774 Acrs
839 727 885 775 or
908 710 1087 776 Cnnerrn,
1397 722 1461 788 213

352 886 454 950 choro
473 887 611 951 ecclesie
628 894 744 953 nostre
760 889 937 974 collegiate
953 889 1116 974 predicte,
1134 889 1253 953 volens
1268 893 1303 951 et
1319 887 1460 972 cupiens

353 1011 393 1054 ex
423 991 526 1055 certis
555 991 666 1057 causis
696 992 795 1056 iustis
826 998 860 1056 et
891 993 1051 1078 legitimis
1082 994 1194 1076 ipsum
1225 993 1260 1056 in
1291 1013 1331 1056 ea
1361 996 1459 1076 parte

353 1095 572 1161 mouentibus
608 1098 653 1161 ab
690 1118 790 1161 onere
825 1104 860 1161 et
896 1118 978 1162 cura
1011 1097 1116 1181 ipsius
1151 1097 1276 1161 vicarie
1309 1096 1387 1161 exui
1424 1101 1459 1160 et

352 1201 538 1276 exonerari,
577 1201 721 1266 eandem
758 1202 922 1267 vicariam
959 1203 994 1266 in
1031 1223 1154 1266 manus
1191 1207 1326 1265 nostras
1363 1221 1456 1285 pure,

352 1310 484 1388 sponte,
534 1305 742 1389 simpliciter,
792 1313 827 1370 et
875 1307 1032 1371 absolute
1080 1306 1275 1391 resignauit.
1345 1305 1457 1389 Quam

352 1408 490 1492 quidem
521 1409 786 1494 resignacionem
816 1411 864 1475 sic
894 1411 1023 1475 factam
1054 1410 1254 1476 dimisimus,
1302 1410 1348 1474 Et
1378 1410 1457 1474 sub-

351 1519 533 1598 sequenter
543 1513 706 1579 dilectum
717 1515 815 1580 nobis
826 1516 860 1580 in
872 1536 941 1600 xpo
951 1515 1047 1579 d’nm
1059 1515 1241 1600 Hugonem
1253 1515 1455 1598 Pyamoure‚

352 1618 589 1700 presbiterum,
618 1619 662 1683 ad
688 1619 818 1684 dictam
844 1619 1009 1684 vicariam
1036 1640 1096 1703 per
1122 1619 1351 1686 venerabilem
1378 1640 1457 1684 con-

354 1722 496 1786 fratrem
521 1728 677 1787 nostrum
704 1723 799 1788 d’nm
826 1723 962 1788 Nich'm
990 1723 1113 1788 Holme
1140 1723 1349 1825 Canonicum
1376 1724 1454 1788 eccl.

351 1833 466 1891 nostre
494 1826 575 1892 Coll.
605 1833 720 1892 nostre
748 1828 899 1911 predicte
927 1849 967 1892 ac
995 1827 1257 1912 prebendarium
1285 1829 1457 1912 prebende

351 1930 392 1995 de
418 1931 593 1995 Sharrowe
618 1932 652 1996 in
678 1932 807 2007 eadem,
826 1932 977 1996 eiusdem
994 1932 1119 1996 vicarie
1144 1939 1339 2016 patronum,
1357 1931 1456 1996 uobis

351 2041 587 2118 presentatum
613 2036 813 2100 admisimus
838 2036 882 2101 ad
907 2037 1062 2112 eandem,
1089 2036 1269 2120 ipsumque
1294 2035 1456 2100 canonice

351 2139 563 2205 instituimus
584 2141 619 2204 in
640 2141 760 2205 eadem
781 2147 815 2204 et
837 2141 952 2205 induci
973 2141 1116 2205 fecimus
1136 2162 1215 2205 cum
1235 2141 1305 2205 suis
1326 2141 1456 2205 iuribus

351 2250 385 2307 et
400 2244 625 2329 pertinencijs
646 2245 822 2310 vniuersis.
870 2246 916 2309 Et
937 2246 1060 2329 depost
1081 2245 1235 2328 prefatus
1255 2245 1331 2308 d'ns
1353 2244 1456 2329 Hugo

351 2348 385 2413 in
406 2349 507 2432 plena
528 2349 737 2432 possessione
759 2348 849 2413 dicte
870 2349 996 2413 vicarie
1017 2349 1149 2413 notorie
1170 2348 1390 2425 constitutus,
1413 2348 1455 2413 de

350 2473 516 2518 consensu
548 2459 582 2516 et
615 2474 754 2518 assensu
787 2454 953 2536 expressis
985 2453 1057 2518 d'ni
1090 2453 1202 2517 Nich'i
1234 2453 1371 2536 patroni
1403 2454 1455 2519 sui

350 2557 504 2642 predicti,
530 2562 632 2641 prout
656 2557 754 2621 nobis
778 2558 866 2622 clare
881 2558 1085 2633 constabat,
1110 2577 1145 2621 se
1169 2557 1333 2621 vicariam
1356 2578 1454 2622 suam

350 2662 540 2746 predictam
571 2683 611 2726 ac
643 2663 785 2738 fructus
818 2656 983 2737 redditus
1017 2668 1052 2726 et
1084 2668 1272 2746 prouentus
1303 2661 1454 2727 eiusdem

349 2786 466 2831 omnes
502 2771 537 2831 et
573 2766 722 2851 singulos
758 2767 884 2832 nostris
919 2766 1130 2832 ordinacioni
1167 2765 1383 2850 disposicioni
1420 2772 1454 2832 et

349 2870 486 2935 decreto
511 2891 605 2955 pure,
632 2877 765 2956 sponte,
792 2871 1001 2954 simpliciter,
1029 2878 1064 2935 et
1090 2871 1246 2935 absolute
1271 2871 1453 2948 submisit;

349 2996 477 3060 nosque
519 2976 780 3040 submissionem
822 2976 1018 3040 huiusmodi
1061 2981 1290 3058 acceptantes,
1333 2982 1368 3039 et
1410 2976 1455 3040 ad

348 3084 480 3144 statum
498 3079 581 3144 dicti
599 3080 670 3143 d’ni
690 3080 819 3156 Rob’ti,
838 3080 898 3164 qui
916 3080 950 3143 in
969 3080 1090 3143 diebus
1107 3079 1177 3143 suis
1194 3100 1263 3145 non
1281 3080 1454 3144 modicum

349 3184 522 3268 processit,
534 3183 736 3269 nullumque
748 3184 816 3248 iam
829 3184 963 3248 obtinet
975 3183 1178 3248 beneficium
1190 3183 1455 3249 ecclesiasticum

349 3308 407 3353 seu
433 3288 680 3372 patrimonium
706 3288 797 3353 vnde
823 3289 865 3353 de
892 3275 1005 3353 cetero
1039 3288 1155 3352 viuere
1180 3288 1236 3351 vel
1262 3286 1455 3353 alimentari

348 3393 473 3468 valeat,
505 3392 642 3457 oculum
672 3392 888 3457 reuoluentes
918 3413 960 3456 ne
991 3392 1081 3456 idem
1111 3392 1187 3456 d'ns
1219 3392 1391 3455 Robertus
1420 3392 1455 3456 in

349 3497 571 3580 obprobrium
609 3496 736 3561 ordinis
774 3496 936 3561 clericalis
974 3496 1080 3561 nimia
1117 3502 1322 3580 paupertate
1360 3517 1455 3580 egere

349 3606 513 3685 cogatur;
553 3600 839 3686 Comparentibus
882 3622 998 3665 coram
1041 3601 1140 3666 nobis
1182 3600 1324 3685 prefatis
1367 3600 1455 3665 d'nis

350 3705 495 3789 Hugone
517 3711 551 3768 et
575 3705 739 3781 Roberto,
762 3706 964 3790 vocatisque
985 3706 1021 3770 in
1043 3726 1083 3790 ea
1105 3711 1203 3788 parte
1225 3705 1389 3769 vocandis
1411 3705 1455 3770 ad

349 3809 603 3873 ordinacionem
631 3815 721 3873 certe
749 3810 918 3893 porcionis
946 3809 988 3874 de
1016 3809 1185 3873 fructibus
1213 3809 1303 3873 dicte
1331 3809 1457 3873 vicarie

349 3913 483 3997 prefato
518 3913 600 3978 d'no
636 3914 789 3978 Roberto
823 3913 939 3999 quoad
968 3913 1093 3977 uixerit
1120 3912 1354 3977 ministrandis
1381 3934 1457 3996 pro-

350 4018 511 4082 cessimus
543 4024 577 4082 et
609 4018 824 4101 procedimus
856 4018 890 4081 in
922 4018 1014 4082 hunc
1045 4017 1197 4092 modum,
1231 4017 1289 4101 xpi
1321 4017 1458 4082 nomine

350 4122 521 4198 inuocat0,
547 4121 619 4186 Nos
646 4122 837 4205 capitulum
869 4121 1073 4206 predictum,
1102 4142 1144 4184 ex
1172 4122 1283 4186 causis
1310 4141 1370 4204 per
1397 4142 1459 4185 nos

351 4227 506 4311 superius
538 4226 730 4301 declaratis,
765 4232 799 4290 et
833 4226 909 4309 alijs
941 4225 1103 4310 legitimis·
1133 4245 1195 4288 nos
1228 4226 1458 4300 mouentibus,

351 4331 549 4396 ordinamus
578 4336 612 4394 et
641 4330 854 4395 decernimus
882 4336 916 4393 et
944 4330 1157 4394 declaramus
1185 4330 1278 4413 quod
1306 4330 1460 4413 prefatus

352 4436 429 4501 d’ns
453 4435 602 4499 Rob’tus
626 4456 777 4498 annuam
800 4435 999 4518 pensionem
1021 4433 1252 4519 quadraginta
1274 4432 1460 4497 solidorum

352 4540 394 4605 de
419 4539 513 4603 dicta
537 4539 667 4602 vicaria
692 4558 731 4601 ac
756 4538 935 4612 fructibus,
962 4537 1153 4602 redditibus
1178 4541 1212 4599 et
1237 4536 1462 4620 prouentibus

353 4643 505 4708 eiusdem
539 4641 705 4725 percipiat
739 4648 774 4705 et
808 4641 935 4705 habeat
970 4642 1014 4705 ad
1048 4645 1160 4704 totam
1194 4640 1305 4702 vitam
1338 4660 1460 4715 suam;

354 4747 525 4814 Soluendo
546 4745 610 4809 sibi
633 4749 694 4808 aut
716 4764 778 4808 suo
800 4745 1012 4829 procuratori
1034 4743 1090 4807 vel
1111 4747 1205 4805 certo
1227 4748 1406 4808 attomato
1428 4744 1462 4809 in
