3950 5625
773 708 866 772 Acrs
890 725 935 773 on
958 706 1136 774 Cumae.
1444 723 1506 788 231

492 889 577 950 Cum
607 889 789 951 reuerende
802 889 804 893 ’
818 891 979 951 memorie
1008 893 1226 972 retropatres,
1257 889 1508 971 predecessores
1573 901 1674 977 Diyine

403 990 522 1065 nostri,
565 991 818 1055 considerantes
859 991 1016 1056 diuinum
1057 991 1189 1056 cultum
1231 992 1430 1075 precipuum
1473 989 1506 1054 in
1521 969 1643 1083 wfflffi
1656 980 1699 1083 {fl}

402 1094 509 1178 gloria
546 1095 775 1178 preciosorum
813 1102 1092 1160 ornamentorum
1130 1096 1435 1160 ecclesiasticorum
1472 1099 1506 1157 et
1521 1101 1699 1164 splenion«

403 1198 698 1270 vestimentorum,
733 1200 928 1264 diuinorum
973 1200 1152 1284 splendore
1198 1200 1391 1274 consistere,
1438 1197 1508 1261 suis
1538 1170 1699 1218 ornaments

404 1303 616 1386 temporibus
652 1304 971 1368 conuenientissime
1008 1309 1205 1369 statuerunt
1242 1303 1336 1387 quod
1373 1303 1407 1366 in
1443 1302 1508 1366 hac
1534 1351 1608 1400 Each
1622 1362 1699 1399 canor

403 1406 519 1471 eccl'ia
538 1407 723 1492 collegiata
744 1409 869 1492 Rypon
888 1408 1033 1492 quilibet
1052 1408 1243 1472 Canonicus
1262 1427 1367 1472 vnam
1386 1426 1508 1489 capam
1523 1417 1544 1466 is
1559 1424 1589 1466 to
1605 1413 1698 1481 provi<

404 1511 592 1595 preciosam
618 1513 743 1576 valoris
769 1513 886 1577 decem
912 1532 1105 1576 marcarum
1132 1512 1165 1576 in
1193 1512 1267 1576 vita
1292 1532 1354 1576 sua
1379 1510 1510 1575 soluere
1565 1481 1687 1614 ³022ny

405 1621 573 1692 teneatur,
594 1637 699 1702 quam
718 1617 746 1680 si
765 1638 834 1681 non
853 1617 966 1681 soluat
986 1617 1021 1680 in
1040 1617 1114 1680 vita
1133 1616 1246 1680 soluat
1265 1622 1344 1700 post
1363 1621 1510 1680 mortem

404 1720 521 1784 decem
563 1721 677 1796 libraS,
721 1721 902 1806 contigerit
945 1721 1039 1805 quod
1081 1721 1255 1804 sepissime
1299 1719 1511 1803 temporibus

404 1825 582 1889 retroactis
610 1826 704 1909 quod
731 1846 801 1889 non
830 1825 913 1889 nulli
941 1825 1166 1888 canonicatus
1194 1830 1229 1888 et
1258 1823 1448 1908 prebendas
1476 1822 1511 1887 in

404 1928 498 1992 dicta
521 1929 637 1994 eccl’ia
661 1930 847 2014 Collegiata
870 1929 1067 1993 obtinentes
1091 1929 1125 1993 in
1150 1949 1267 1993 eorum
1291 1928 1366 1992 uita
1389 1947 1512 2010 capam

404 2033 600 2097 huiusmodi
619 2034 806 2117 preciosam
826 2034 907 2097 dare
925 2054 986 2097 seu
1004 2033 1148 2097 liberare
1167 2033 1306 2097 minime
1324 2036 1488 2096 curarunt
1505 2050 1511 2106 ;

403 2144 482 2221 post
517 2158 664 2222 quorum
699 2144 846 2202 mortem
881 2157 999 2202 eorum
1035 2142 1235 2201 executores
1270 2158 1310 2200 ac
1344 2136 1513 2199 bonorum

404 2241 699 2306 administratores
721 2242 916 2306 huiusmodi
938 2262 1025 2306 onus
1046 2248 1080 2305 et
1102 2240 1260 2305 debitum
1281 2240 1328 2304 sic
1349 2238 1513 2304 deceden-

404 2346 494 2410 cium
524 2367 705 2430 agnoscere
735 2352 769 2410 et
799 2346 912 2410 subire
942 2345 1080 2429 penitus
1104 2349 1315 2419 recusarunt,
1341 2343 1375 2408 in
1405 2343 1513 2407 diuini

404 2450 516 2514 cultus
538 2451 796 2526 detrimentum,
819 2450 957 2514 ecclesie
979 2450 1131 2533 predicte
1152 2469 1255 2533 graue
1277 2447 1512 2532 preiudicium,

403 2555 623 2639 ipsorumque
646 2555 888 2619 decedencium
909 2576 978 2618 non
1001 2554 1075 2618 leue
1097 2553 1286 2638 periculum
1308 2552 1511 2628 animarum,
1528 2559 1696 2633 statutump

403 2680 465 2723 nos
491 2659 596 2743 igitur
621 2659 812 2742 capitulum
840 2660 874 2722 in
900 2659 965 2723 hac
990 2658 1240 2723 conuocacione
1266 2657 1413 2741 generali
1440 2664 1513 2721 tam
1536 2630 1696 2742 „mssssfe'fmi

403 2763 649 2848 indempnitati
669 2763 748 2829 eccl.
772 2763 924 2848 predicte
945 2784 1051 2848 quam
1072 2763 1226 2828 omnium
1247 2768 1281 2827 et
1302 2761 1512 2847 singulorum

403 2868 438 2933 in
451 2869 572 2933 eadem
584 2869 808 2933 canonicatus
821 2875 855 2932 et
868 2868 1061 2952 prebendas
1073 2868 1308 2932 obtinencium
1321 2867 1513 2933 animarum

403 2973 507 3037 saluti
535 2973 715 3057 prouidere
743 2973 930 3057 cupientes,
960 2972 1003 3036 de
1031 2972 1186 3037 vnanimi
1214 2972 1405 3046 voluntate,
1434 2993 1513 3036 con-

404 3098 515 3152 sensu,
536 3084 571 3141 et
591 3098 730 3141 assensu
750 3077 875 3141 nostris
895 3082 929 3140 et
949 3077 1157 3141 auctoritate
1177 3077 1328 3141 eiusdem
1347 3097 1514 3141 conuoca-

403 3182 520 3257 cionis,
565 3181 711 3265 prouida
754 3181 1012 3256 deliberacione,
1056 3181 1218 3265 predictis
1260 3181 1403 3245 statutis
1445 3202 1514 3245 non

404 3286 610 3370 derogando,
643 3286 889 3360 subtrahendo,
922 3306 982 3349 seu
1014 3306 1054 3349 ea
1085 3286 1264 3361 mutando,
1297 3286 1356 3350 sed
1388 3285 1515 3350 eisdem

405 3388 574 3465 addendo,
597 3390 784 3453 statuimus
805 3395 840 3453 et
863 3389 1061 3454 ordinamus
1082 3390 1176 3473 quod
1198 3410 1315 3454 omnes
1337 3396 1371 3453 et
1393 3390 1515 3474 singuli

404 3494 558 3557 canonici
582 3493 641 3577 qui
665 3494 858 3577 prebendas
882 3493 917 3557 in
941 3494 1036 3558 dicta
1059 3494 1199 3558 ecclesia
1222 3494 1402 3579 collegiata
1424 3515 1516 3559 nunc

405 3598 574 3672 obtinent,
598 3604 632 3661 et
654 3618 778 3681 capam
801 3598 998 3662 huiusmodi
1020 3598 1174 3662 nondum
1197 3599 1377 3674 dederunt,
1400 3599 1516 3682 etqui

404 3702 439 3765 in
470 3708 647 3785 posterum
679 3702 900 3775 obtinebunt,
932 3702 1053 3766 statim
1085 3708 1205 3785 postea
1235 3724 1341 3787 quam
1372 3702 1515 3778 fructus,

405 3805 570 3881 redditus,
605 3812 638 3869 et
673 3813 863 3889 prouentus
896 3806 1149 3889 prebendarum
1182 3827 1322 3871 suarum
1355 3828 1416 3891 per
1449 3813 1517 3871 tres

405 3931 513 3974 annos
530 3910 671 3993 pacifice
690 3910 914 3994 perceperint,
933 3931 993 3973 seu
1011 3931 1071 3994 per
1089 3930 1146 3973 eos
1163 3912 1298 3974 steterit
1316 3932 1386 3995 quo
1404 3913 1517 3976 minus

405 4013 607 4099 percipiant,
631 4035 753 4098 capam
776 4014 902 4077 ualoris
923 4014 1041 4078 decem
1064 4033 1257 4079 marcarum
1280 4016 1378 4079 iuxta
1399 4037 1517 4080 ueram

405 4126 439 4183 et
462 4139 680 4183 communem
702 4118 959 4182 estimacionem
981 4118 1017 4181 in
1039 4138 1140 4181 vsum
1162 4118 1253 4183 dicte
1275 4119 1414 4183 ecclesie
1435 4119 1517 4183 dare

406 4230 440 4288 et
467 4222 680 4286 thesaurario
707 4243 766 4286 seu
792 4222 1072 4286 subthesaurario
1098 4221 1249 4286 eiusdem
1275 4223 1412 4287 ecclesie
1438 4245 1517 4288 cum

406 4328 532 4391 effectu
563 4326 698 4390 tradere
728 4332 763 4389 et
793 4326 935 4389 liberare
967 4330 1159 4389 teneantur.
1207 4325 1369 4409 Alioquin
1400 4328 1428 4391 si
1458 4348 1518 4411 per
1555 4332 1699 4381 Otherwm

407 4432 518 4496 dictos
541 4436 610 4494 tres
633 4451 741 4493 annos
763 4430 949 4494 inmediate
971 4434 1153 4513 sequentes
1176 4429 1371 4494 huiusmodi
1394 4452 1517 4514 capam
1540 4398 1699 4527 tffiyfflssffi

407 4536 490 4600 dicti
515 4534 640 4599 ualoris
664 4535 716 4598 sic
740 4534 821 4598 dare
845 4540 879 4597 et
904 4532 1130 4597 effectualiter
1153 4531 1295 4595 liberare
1320 4554 1359 4597 ac
1384 4534 1518 4598 tradere
1536 4530 1699 4579 10marksl

409 4640 615 4713 distulerint,
647 4658 707 4701 seu
738 4658 855 4703 eorum
886 4637 1009 4721 aliquis
1039 4635 1221 4709 distulerit,
1253 4642 1380 4701 extunc
1410 4657 1517 4713 mora,
1532 4598 1699 4713 theom?

410 4744 521 4828 culpa,
536 4750 571 4808 et
585 4741 794 4826 negligencia
808 4740 990 4807 cuiuslibet
1004 4740 1052 4803 sic
1065 4758 1134 4801 non
1148 4738 1264 4802 dantis
1277 4759 1337 4805 seu
1352 4741 1520 4806 tradentis
