3950 5625
302 1581 307 1587 ·
406 1560 613 1620 renouatum
634 1559 669 1617 et
688 1553 731 1616 de
749 1574 842 1617 nouo
861 1552 1049 1637 sigillatum
1069 1557 1209 1634 propter
1227 1549 1441 1613 debilitatem
1460 1566 1519 1610 seu

779 709 874 774 Acrs
897 725 943 773 or
966 708 1146 773 Cnarren.
1457 701 1521 783 269

405 888 587 974 arreragijs
607 888 751 973 predicti
771 887 879 952 annui
899 885 1056 951 redditus
1075 887 1192 950 decern
1212 904 1405 950 marcarum
1425 887 1458 946 et
1479 881 1521 944 de

405 993 502 1058 dicta
534 1013 671 1058 summa
704 991 939 1077 quadraginta
972 991 1159 1055 solidorum
1194 991 1331 1055 nomine
1366 1007 1451 1072 pene
1485 987 1520 1049 in

405 1098 519 1162 forma
547 1098 702 1182 predicta
731 1117 894 1162 concessa
924 1096 1075 1179 plenarie
1106 1096 1207 1160 luerit
1238 1093 1454 1158 satisfactum
1485 1097 1518 1154 et

405 1201 620 1286 persolutum
639 1202 683 1266 ad
702 1202 812 1266 altare
830 1201 1036 1284 predictum.

496 1347 545 1412 Et
563 1347 594 1413 si
612 1364 680 1412 nos
697 1347 833 1411 dictum
850 1342 1049 1427 Capitulum
1066 1343 1284 1416 voluerimus,
1302 1361 1360 1404 seu
1377 1359 1465 1403 succ.
1484 1359 1517 1402 n.
1539 1323 1668 1453 wffl'ffigff

406 1448 579 1516 voluerint
597 1448 632 1512 in
650 1447 807 1512 futurum
825 1449 951 1511 habere
968 1446 1100 1510 dictum
1118 1447 1282 1529 scriptam
1300 1445 1519 1508 indentatum
1533 1459 1566 1506 ne
1577 1472 1669 1507 ronow>

1558 1539 1667 1574 1100.OEssss

407 1659 512 1724 aliam
536 1677 677 1723 causam
702 1657 929 1721 necessariam
954 1675 1208 1739 quamcunque,
1235 1653 1377 1738 predict.
1406 1653 1458 1717 Pr.
1485 1657 1519 1715 et

408 1765 518 1830 Conu.
539 1782 657 1848 prose
680 1768 715 1826 et
738 1783 828 1827 succ.
850 1782 875 1826 s.
896 1766 1138 1825 concesserunt
1157 1780 1218 1844 per
1240 1758 1330 1822 idem
1354 1757 1520 1842 scripturn

406 1889 520 1945 suum,
545 1867 631 1932 illud
654 1867 822 1951 scriptum
846 1886 1022 1939 renouare,
1049 1872 1082 1929 et
1107 1865 1150 1928 de
1173 1884 1265 1928 nouo
1289 1882 1348 1947 per
1371 1863 1462 1947 ipsos
1485 1867 1519 1925 et

407 1992 498 2037 succ.
517 1992 597 2036 suos
613 1969 759 2055 sigillare
776 1988 879 2054 super
895 1969 1012 2033 debita
1031 1977 1064 2034 et
1083 1968 1280 2034 racionabili
1299 1967 1520 2052 requisicione

409 2097 470 2162 per
488 2097 551 2141 nos
570 2074 694 2160 prefat.
716 2074 773 2139 Ca.
795 2081 830 2138 et
849 2095 938 2138 succ.
960 2075 1052 2137 n'ros
1071 2074 1134 2137 sibi
1157 2074 1247 2138 lacta
1268 2073 1339 2136 siue
1359 2072 1392 2136 in
1414 2072 1518 2137 futur.

411 2180 580 2246 facienda.

497 2307 546 2371 Et
579 2304 730 2370 vlterius
768 2306 852 2392 pref.
887 2308 940 2372 Pr.
973 2313 1008 2369 et
1040 2305 1145 2370 Conu.
1179 2306 1223 2369 ad
1255 2307 1316 2369 hec
1342 2304 1458 2369 omnia
1485 2311 1519 2370 et
1533 2310 1588 2390 anu
1605 2309 1667 2359 mat

407 2415 542 2500 singula
574 2414 721 2479 fideliter
753 2411 969 2475 obseruanda
1003 2431 1063 2494 per
1095 2411 1185 2475 idem
1219 2410 1384 2493 scriptum
1417 2431 1518 2474 suum
1533 2377 1668 2492 hafl'ssngffl

407 2519 604 2605 obligarunt
627 2539 663 2582 se
688 2523 722 2581 et
748 2537 838 2581 succ.
861 2536 886 2580 s.
912 2515 1093 2599 imperp’m
1119 2516 1312 2580 iuramento
1338 2515 1516 2601 religionis,
1550 2510 1667 2628 ⁰11⁰va

407 2631 510 2708 prout
529 2624 564 2688 in
583 2624 703 2688 eodem
722 2621 852 2704 scripto
871 2620 1053 2684 indentato
1072 2621 1151 2684 inde
1170 2621 1263 2685 facto
1282 2620 1380 2704 plene
1398 2620 1515 2705 liquet.
1588 2633 1593 2641 '

494 2763 626 2830 Sciatis
644 2779 711 2827 nos
727 2763 810 2849 pref.
826 2761 936 2848 Capit.
951 2783 1013 2847 pro
1026 2763 1124 2828 nobis
1137 2770 1171 2827 et
1187 2783 1276 2829 succ.
1291 2784 1323 2829 n.
1339 2762 1519 2829 tradidisse
1574 2751 1625 2798 W⁰
1643 2749 1668 2798 ti

406 2876 442 2936 et
469 2870 673 2935 concessisse
701 2889 761 2953 per
792 2874 966 2951 presentes
1000 2867 1148 2932 Ricardo
1181 2867 1301 2942 Lucas,
1334 2868 1518 2953 Capellano
1545 2819 1667 2950 firmini:

407 2975 566 3040 Cantarie
582 2974 625 3039 M.
643 2974 754 3056 J0h’is
768 2973 913 3037 Sendale
928 2972 962 3036 in
977 2971 1057 3037 eccl.
1074 2971 1155 3036 Coll.
1172 2971 1215 3035 de
1232 2971 1356 3055 Ripon’
1373 2973 1515 3057 predict.
1543 2953 1668 3069 “sffi‘ossn

407 3086 441 3145 et
460 3100 550 3146 succ.
571 3099 597 3144 s.
619 3078 800 3162 imperp’m
820 3077 1013 3162 predictum
1033 3097 1187 3140 annuum
1207 3076 1380 3141 redditum
1401 3076 1518 3142 decern
1550 3093 1610 3136 rent
1623 3088 1653 3136 or

407 3204 601 3249 marcarum
618 3183 663 3247 ad
680 3181 835 3268 predicta
852 3182 940 3246 festa
957 3181 1177 3246 Pentecostes
1193 3188 1227 3246 et
1245 3182 1361 3246 Sancti
1379 3183 1516 3248 Martini
1562 3155 1667 3271 fflffi‘gl,

408 3290 442 3354 in
469 3309 568 3374 yeme
595 3289 649 3352 vel
677 3287 765 3352 inira
793 3308 901 3352 vnum
929 3306 1081 3351 mensem
1109 3307 1205 3371 prox.
1234 3294 1312 3371 post
1339 3288 1516 3372 quodlibet
1565 3290 1667 3339 (thantr

409 3393 536 3457 testum
566 3393 663 3457 Pent.
694 3399 728 3456 et
758 3392 823 3456 S’ci
854 3392 954 3456 Mart.
986 3392 1020 3456 in
1050 3412 1149 3475 yeme
1177 3392 1273 3477 equis
1301 3394 1519 3477 porcionibus

408 3498 590 3562 annuatim
610 3497 654 3561 ad
674 3518 848 3561 summum
868 3497 977 3560 altare
996 3497 1190 3580 predictum
1210 3497 1244 3561 in
1264 3498 1418 3581 predicta
1438 3501 1517 3566 eccl.

408 3602 483 3668 coll.
507 3602 550 3666 de
574 3601 711 3685 Ripon’‚
735 3602 777 3665 de
801 3602 943 3686 predict.
970 3602 1084 3665 Priore
1108 3608 1143 3665 et
1167 3602 1347 3667 Conuentu
1371 3611 1405 3668 et
1429 3625 1518 3671 succ.

408 3727 434 3772 s.
458 3708 715 3792 imperpetuum
740 3706 887 3771 habend.
914 3712 948 3770 et
976 3705 1183 3789 percipiend.
1209 3706 1341 3771 dictum
1366 3729 1519 3775 annuum

409 3812 583 3877 redditum
598 3813 716 3877 decem
730 3831 923 3876 marcarum
937 3811 1179 3895 sterlingorum
1193 3811 1227 3875 in
1242 3812 1352 3878 forma
1365 3814 1519 3897 predicta

410 3917 544 4001 prelato
560 3917 744 4002 Capeliano
761 3915 921 3981 Cantarie
941 3915 1093 3998 predicte
1113 3920 1147 3978 et
1164 3935 1253 3981 succ.
1271 3936 1297 3982 S.
1316 3916 1358 3982 de
1377 3918 1519 4002 prefatis

410 4021 526 4086 Priore
543 4028 577 4086 et
597 4021 778 4086 Conuentu
796 4028 830 4085 et
848 4040 937 4084 succ.
957 4040 982 4084 s.
1003 4020 1037 4083 in
1055 4020 1330 4087 satisfaccionem
1348 4030 1519 4090 sustento·

409 4125 516 4190 cionis
535 4146 605 4201 sue,
627 4126 662 4189 in
682 4125 715 4189 li.
738 4144 811 4209 pur.
834 4130 869 4188 et
890 4143 983 4208 perp.
1006 4125 1058 4199 el.,
1081 4123 1343 4209 imperpetuum.

499 4270 548 4334 Et
582 4270 614 4334 si
647 4269 833 4348 contingat
874 4266 968 4350 quod
1010 4266 1091 4331 dict.
1137 4267 1189 4332 Pr.
1233 4274 1267 4333 et
1309 4270 1414 4336 Conu.
1458 4294 1518 4340 seu
1589 4289 1666 4339 lltln

410 4391 619 4437 successores
640 4369 693 4434 sui
713 4370 908 4444 defecerint,
930 4370 1134 4456 aut'aliquis
1153 4392 1270 4437 eorum
1290 4376 1461 4452 defecerit,
1482 4379 1516 4445 in
1544 4394 1573 4471 ro
1606 4439 1620 4472 Ί

410 4477 583 4541 solucione
610 4474 754 4559 predicti
783 4476 888 4539 annui
916 4475 1070 4539 redditus
1098 4475 1214 4540 decem
1243 4497 1435 4544 marcarum
1463 4484 1517 4547 vel
1531 4438 1665 4553 Chaliihin

411 4581 553 4645 alicuius
570 4578 715 4664 parcelle
732 4579 884 4643 eiusdem
901 4580 945 4644 ad
963 4579 1051 4642 iesta
1068 4578 1222 4662 predicta
1238 4588 1273 4645 et
1289 4601 1350 4666 per
1365 4584 1518 4669 quinque
1567 4557 1663 4608 ‹listrai

411 4684 622 4767 septimanas
654 4701 751 4765 pron
785 4689 864 4765 post
897 4682 1036 4766 aliquod
1070 4682 1197 4746 testum
1229 4688 1518 4769 prenominatum,

412 4794 539 4853 extunc
554 4788 617 4871 (91)
634 4787 720 4850 bene
732 4783 833 4850 liceat
846 4787 981 4870 prelato
995 4786 1179 4870 Capellano
1192 4787 1351 4856 Cantarie
1367 4793 1520 4876 predicte
