<?xml version="1.0" encoding="UTF-8"?>
<!DOCTYPE html PUBLIC "-//W3C//DTD XHTML 1.0 Transitional//EN"
    "http://www.w3.org/TR/xhtml1/DTD/xhtml1-transitional.dtd">
<html xmlns="http://www.w3.org/1999/xhtml" xml:lang="en" lang="en">
 <head>
  <title>
</title>
<meta http-equiv="Content-Type" content="text/html;charset=utf-8" />
  <meta name='ocr-system' content='tesseract 3.04.00' />
  <meta name='ocr-capabilities' content='ocr_page ocr_carea ocr_par ocr_line ocrx_word'/>
</head>
<body>
  <div class='ocr_page' id='page_1' title='image "./memorialschurch00fowlgoog_0061.png"; bbox 0 0 3950 5625; ppageno 0'>
   <div class='ocr_carea' id='block_1_1' title="bbox 766 678 1510 755">
    <p class='ocr_par' dir='ltr' id='par_1_1' title="bbox 766 678 1510 755">
     <span class='ocr_line' id='line_1_1' title="bbox 766 678 1510 755; baseline -0.004 -14"><span class='ocrx_word' id='word_1_1' title='bbox 766 678 864 742; x_wconf 71' lang='lat' dir='ltr'>Acts</span> <span class='ocrx_word' id='word_1_2' title='bbox 888 696 934 742; x_wconf 78' lang='lat' dir='ltr'>or</span> <span class='ocrx_word' id='word_1_3' title='bbox 958 678 1149 743; x_wconf 64' lang='lat' dir='ltr'>enimn.</span> <span class='ocrx_word' id='word_1_4' title='bbox 1470 694 1510 755; x_wconf 75' lang='lat'>23</span> 
     </span>
    </p>
   </div>
   <div class='ocr_carea' id='block_1_2' title="bbox 406 850 1510 1234">
    <p class='ocr_par' dir='ltr' id='par_1_2' title="bbox 406 850 1510 1234">
     <span class='ocr_line' id='line_1_2' title="bbox 406 850 1510 936; baseline -0.002 -22"><span class='ocrx_word' id='word_1_5' title='bbox 406 873 499 934; x_wconf 92' lang='lat' dir='ltr'>quam</span> <span class='ocrx_word' id='word_1_6' title='bbox 517 852 607 917; x_wconf 91' lang='lat' dir='ltr'>alibi</span> <span class='ocrx_word' id='word_1_7' title='bbox 626 864 726 917; x_wconf 90' lang='lat' dir='ltr'>extra</span> <span class='ocrx_word' id='word_1_8' title='bbox 741 851 947 916; x_wconf 82' lang='lat' dir='ltr'>territorium</span> <span class='ocrx_word' id='word_1_9' title='bbox 965 852 1009 916; x_wconf 94' lang='lat' dir='ltr'>de</span> <span class='ocrx_word' id='word_1_10' title='bbox 1026 850 1263 936; x_wconf 84' lang='lat' dir='ltr'>Slenyngford</span> <span class='ocrx_word' id='word_1_11' title='bbox 1287 852 1320 914; x_wconf 91' lang='lat' dir='ltr'>in</span> <span class='ocrx_word' id='word_1_12' title='bbox 1346 850 1510 934; x_wconf 88' lang='lat' dir='ltr'>parochia</span> 
     </span>
     <span class='ocr_line' id='line_1_3' title="bbox 406 949 1510 1035; baseline -0.005 -19"><span class='ocrx_word' id='word_1_13' title='bbox 406 951 541 1017; x_wconf 84' lang='lat' dir='ltr'><strong>ecclesie</strong></span> <span class='ocrx_word' id='word_1_14' title='bbox 573 951 619 1015; x_wconf 91' lang='lat' dir='ltr'>de</span> <span class='ocrx_word' id='word_1_15' title='bbox 651 951 793 1035; x_wconf 86' lang='lat' dir='ltr'>Rypon’</span> <span class='ocrx_word' id='word_1_16' title='bbox 826 951 1052 1034; x_wconf 88' lang='lat' dir='ltr'>imposterum</span> <span class='ocrx_word' id='word_1_17' title='bbox 1085 950 1276 1025; x_wconf 86' lang='lat' dir='ltr'>sumendis,</span> <span class='ocrx_word' id='word_1_18' title='bbox 1312 949 1447 1033; x_wconf 83' lang='lat' dir='ltr'>integre</span> <span class='ocrx_word' id='word_1_19' title='bbox 1477 961 1510 1012; x_wconf 89' lang='lat' dir='ltr'>ct</span> 
     </span>
     <span class='ocr_line' id='line_1_4' title="bbox 406 1047 1510 1134; baseline -0.003 -21"><span class='ocrx_word' id='word_1_20' title='bbox 406 1051 553 1134; x_wconf 89' lang='lat' dir='ltr'>plenarie</span> <span class='ocrx_word' id='word_1_21' title='bbox 570 1051 666 1115; x_wconf 91' lang='lat' dir='ltr'>dicte</span> <span class='ocrx_word' id='word_1_22' title='bbox 687 1051 829 1115; x_wconf 84' lang='lat' dir='ltr'>ecclesie</span> <span class='ocrx_word' id='word_1_23' title='bbox 850 1051 893 1115; x_wconf 94' lang='lat' dir='ltr'>de</span> <span class='ocrx_word' id='word_1_24' title='bbox 918 1049 1059 1134; x_wconf 86' lang='lat' dir='ltr'>Rypon&#39;</span> <span class='ocrx_word' id='word_1_25' title='bbox 1077 1049 1230 1113; x_wconf 89' lang='lat' dir='ltr'>decimas</span> <span class='ocrx_word' id='word_1_26' title='bbox 1254 1047 1346 1112; x_wconf 90' lang='lat' dir='ltr'>bladi</span> <span class='ocrx_word' id='word_1_27' title='bbox 1372 1049 1510 1111; x_wconf 91' lang='lat' dir='ltr'>soluent</span> 
     </span>
     <span class='ocr_line' id='line_1_5' title="bbox 406 1151 731 1234; baseline 0.003 -21"><span class='ocrx_word' id='word_1_28' title='bbox 406 1151 661 1234; x_wconf 86' lang='lat' dir='ltr'>imperpetuum</span> <span class='ocrx_word' id='word_1_29' title='bbox 688 1199 695 1214; x_wconf 94' lang='lat'>.</span> <span class='ocrx_word' id='word_1_30' title='bbox 724 1199 731 1214; x_wconf 99' lang='lat'>.</span> 
     </span>
    </p>
   </div>
   <div class='ocr_carea' id='block_1_3' title="bbox 403 1309 1513 2691">
    <p class='ocr_par' dir='ltr' id='par_1_3' title="bbox 403 1309 1513 2691">
     <span class='ocr_line' id='line_1_6' title="bbox 487 1309 1511 1394; baseline -0.005 -17"><span class='ocrx_word' id='word_1_31' title='bbox 487 1317 571 1393; x_wconf 55' lang='lat' dir='ltr'>(ff</span> <span class='ocrx_word' id='word_1_32' title='bbox 598 1313 653 1390; x_wconf 91' lang='lat' dir='ltr'>Et,</span> <span class='ocrx_word' id='word_1_33' title='bbox 690 1335 731 1378; x_wconf 92' lang='lat' dir='ltr'>ne</span> <span class='ocrx_word' id='word_1_34' title='bbox 765 1313 884 1394; x_wconf 91' lang='lat' dir='ltr'>aliqua</span> <span class='ocrx_word' id='word_1_35' title='bbox 918 1311 1099 1376; x_wconf 87' lang='lat' dir='ltr'>contencio</span> <span class='ocrx_word' id='word_1_36' title='bbox 1132 1313 1183 1375; x_wconf 92' lang='lat' dir='ltr'>vel</span> <span class='ocrx_word' id='word_1_37' title='bbox 1218 1310 1390 1374; x_wconf 78' lang='lat' dir='ltr'>discordia</span> <span class='ocrx_word' id='word_1_38' title='bbox 1423 1309 1511 1374; x_wconf 91' lang='lat' dir='ltr'>inter</span> 
     </span>
     <span class='ocr_line' id='line_1_7' title="bbox 405 1408 1510 1495; baseline -0.002 -21"><span class='ocrx_word' id='word_1_39' title='bbox 405 1411 575 1495; x_wconf 91' lang='lat' dir='ltr'>predictas</span> <span class='ocrx_word' id='word_1_40' title='bbox 592 1412 756 1476; x_wconf 91' lang='lat' dir='ltr'>ecclesias</span> <span class='ocrx_word' id='word_1_41' title='bbox 773 1432 878 1494; x_wconf 92' lang='lat' dir='ltr'>super</span> <span class='ocrx_word' id='word_1_42' title='bbox 894 1410 1047 1475; x_wconf 93' lang='lat' dir='ltr'>decimas</span> <span class='ocrx_word' id='word_1_43' title='bbox 1063 1410 1106 1473; x_wconf 86' lang='lat' dir='ltr'>de</span> <span class='ocrx_word' id='word_1_44' title='bbox 1123 1408 1362 1494; x_wconf 83' lang='lat' dir='ltr'>Slenyngford</span> <span class='ocrx_word' id='word_1_45' title='bbox 1389 1410 1441 1472; x_wconf 92' lang='lat' dir='ltr'>vel</span> <span class='ocrx_word' id='word_1_46' title='bbox 1467 1408 1510 1472; x_wconf 91' lang='lat' dir='ltr'>dc</span> 
     </span>
     <span class='ocr_line' id='line_1_8' title="bbox 404 1507 1510 1591; baseline -0.004 -16"><span class='ocrx_word' id='word_1_47' title='bbox 404 1510 586 1575; x_wconf 87' lang='lat' dir='ltr'>Galhache</span> <span class='ocrx_word' id='word_1_48' title='bbox 624 1511 668 1574; x_wconf 92' lang='lat' dir='ltr'>de</span> <span class='ocrx_word' id='word_1_49' title='bbox 705 1525 817 1575; x_wconf 89' lang='lat' dir='ltr'>cetero</span> <span class='ocrx_word' id='word_1_50' title='bbox 857 1509 973 1574; x_wconf 90' lang='lat' dir='ltr'>haberi</span> <span class='ocrx_word' id='word_1_51' title='bbox 1008 1509 1128 1591; x_wconf 84' lang='lat' dir='ltr'>possit,</span> <span class='ocrx_word' id='word_1_52' title='bbox 1162 1508 1242 1572; x_wconf 90' lang='lat' dir='ltr'>dicti</span> <span class='ocrx_word' id='word_1_53' title='bbox 1276 1507 1435 1571; x_wconf 91' lang='lat' dir='ltr'>monachi</span> <span class='ocrx_word' id='word_1_54' title='bbox 1468 1508 1510 1571; x_wconf 92' lang='lat' dir='ltr'>dc</span> 
     </span>
     <span class='ocr_line' id='line_1_9' title="bbox 405 1607 1509 1692; baseline -0.001 -20"><span class='ocrx_word' id='word_1_55' title='bbox 405 1609 577 1674; x_wconf 90' lang='lat' dir='ltr'>Fontibus</span> <span class='ocrx_word' id='word_1_56' title='bbox 608 1611 747 1674; x_wconf 91' lang='lat' dir='ltr'>soluent</span> <span class='ocrx_word' id='word_1_57' title='bbox 777 1609 958 1673; x_wconf 90' lang='lat' dir='ltr'>annuatim</span> <span class='ocrx_word' id='word_1_58' title='bbox 989 1629 1050 1690; x_wconf 94' lang='lat' dir='ltr'>pro</span> <span class='ocrx_word' id='word_1_59' title='bbox 1083 1610 1175 1672; x_wconf 91' lang='lat' dir='ltr'>bono</span> <span class='ocrx_word' id='word_1_60' title='bbox 1208 1608 1303 1690; x_wconf 89' lang='lat' dir='ltr'>pacis</span> <span class='ocrx_word' id='word_1_61' title='bbox 1337 1607 1509 1692; x_wconf 87' lang='lat' dir='ltr'>Magistro</span> 
     </span>
     <span class='ocr_line' id='line_1_10' title="bbox 405 1707 1511 1784; baseline -0.002 -10"><span class='ocrx_word' id='word_1_62' title='bbox 405 1708 564 1774; x_wconf 85' lang='lat' dir='ltr'>Galfrido</span> <span class='ocrx_word' id='word_1_63' title='bbox 587 1709 630 1773; x_wconf 94' lang='lat' dir='ltr'>de</span> <span class='ocrx_word' id='word_1_64' title='bbox 655 1709 755 1773; x_wconf 91' lang='lat' dir='ltr'>Lard’</span> <span class='ocrx_word' id='word_1_65' title='bbox 775 1709 928 1773; x_wconf 90' lang='lat' dir='ltr'>eiusdem</span> <span class='ocrx_word' id='word_1_66' title='bbox 950 1708 1094 1772; x_wconf 78' lang='lat' dir='ltr'>ecclesie</span> <span class='ocrx_word' id='word_1_67' title='bbox 1111 1707 1301 1784; x_wconf 87' lang='lat' dir='ltr'>Canonico,</span> <span class='ocrx_word' id='word_1_68' title='bbox 1321 1720 1353 1771; x_wconf 91' lang='lat' dir='ltr'>ct</span> <span class='ocrx_word' id='word_1_69' title='bbox 1376 1729 1511 1772; x_wconf 87' lang='lat' dir='ltr'>succes·</span> 
     </span>
     <span class='ocr_line' id='line_1_11' title="bbox 403 1808 1506 1892; baseline -0.004 -19"><span class='ocrx_word' id='word_1_70' title='bbox 403 1808 543 1874; x_wconf 91' lang='lat' dir='ltr'>soribus</span> <span class='ocrx_word' id='word_1_71' title='bbox 578 1809 651 1874; x_wconf 90' lang='lat' dir='ltr'>suis</span> <span class='ocrx_word' id='word_1_72' title='bbox 692 1809 957 1892; x_wconf 88' lang='lat' dir='ltr'>imperpetuum,</span> <span class='ocrx_word' id='word_1_73' title='bbox 992 1808 1149 1890; x_wconf 90' lang='lat' dir='ltr'>quinque</span> <span class='ocrx_word' id='word_1_74' title='bbox 1189 1829 1321 1871; x_wconf 90' lang='lat' dir='ltr'>marcas</span> <span class='ocrx_word' id='word_1_75' title='bbox 1359 1808 1506 1891; x_wconf 86' lang='lat' dir='ltr'>argenti,</span> 
     </span>
     <span class='ocr_line' id='line_1_12' title="bbox 405 1907 1509 1973; baseline -0.001 -2"><span class='ocrx_word' id='word_1_76' title='bbox 405 1909 623 1973; x_wconf 92' lang='lat' dir='ltr'>medietatem</span> <span class='ocrx_word' id='word_1_77' title='bbox 653 1909 696 1972; x_wconf 91' lang='lat' dir='ltr'>ad</span> <span class='ocrx_word' id='word_1_78' title='bbox 727 1908 850 1973; x_wconf 86' lang='lat' dir='ltr'>Pasch&#39;</span> <span class='ocrx_word' id='word_1_79' title='bbox 875 1922 908 1972; x_wconf 91' lang='lat' dir='ltr'>et</span> <span class='ocrx_word' id='word_1_80' title='bbox 932 1908 1149 1972; x_wconf 91' lang='lat' dir='ltr'>medietatem</span> <span class='ocrx_word' id='word_1_81' title='bbox 1173 1907 1216 1970; x_wconf 91' lang='lat' dir='ltr'>ad</span> <span class='ocrx_word' id='word_1_82' title='bbox 1241 1907 1365 1971; x_wconf 83' lang='lat' dir='ltr'>festum</span> <span class='ocrx_word' id='word_1_83' title='bbox 1390 1908 1509 1972; x_wconf 84' lang='lat' dir='ltr'>Sancti</span> 
     </span>
     <span class='ocr_line' id='line_1_13' title="bbox 406 2008 1511 2090; baseline 0 -18"><span class='ocrx_word' id='word_1_84' title='bbox 406 2009 602 2073; x_wconf 83' lang='lat' dir='ltr'>Michaelis.</span> <span class='ocrx_word' id='word_1_85' title='bbox 684 2009 732 2072; x_wconf 95' lang='lat' dir='ltr'>Ut</span> <span class='ocrx_word' id='word_1_86' title='bbox 772 2022 886 2073; x_wconf 92' lang='lat' dir='ltr'>autem</span> <span class='ocrx_word' id='word_1_87' title='bbox 932 2009 995 2072; x_wconf 91' lang='lat' dir='ltr'>hec</span> <span class='ocrx_word' id='word_1_88' title='bbox 1032 2008 1246 2090; x_wconf 90' lang='lat' dir='ltr'>composicio</span> <span class='ocrx_word' id='word_1_89' title='bbox 1286 2021 1357 2070; x_wconf 91' lang='lat' dir='ltr'>rata</span> <span class='ocrx_word' id='word_1_90' title='bbox 1396 2009 1441 2071; x_wconf 89' lang='lat' dir='ltr'>sit</span> <span class='ocrx_word' id='word_1_91' title='bbox 1478 2021 1511 2072; x_wconf 91' lang='lat' dir='ltr'>et</span> 
     </span>
     <span class='ocr_line' id='line_1_14' title="bbox 405 2107 1511 2192; baseline 0 -21"><span class='ocrx_word' id='word_1_92' title='bbox 405 2109 616 2173; x_wconf 90' lang='lat' dir='ltr'>inconcussa</span> <span class='ocrx_word' id='word_1_93' title='bbox 678 2122 889 2190; x_wconf 90' lang='lat' dir='ltr'>permaneat,</span> <span class='ocrx_word' id='word_1_94' title='bbox 946 2108 1126 2191; x_wconf 90' lang='lat' dir='ltr'>vtriusque</span> <span class='ocrx_word' id='word_1_95' title='bbox 1187 2107 1337 2191; x_wconf 85' lang='lat' dir='ltr'>Capituli</span> <span class='ocrx_word' id='word_1_96' title='bbox 1391 2108 1511 2192; x_wconf 85' lang='lat' dir='ltr'>sigillo</span> 
     </span>
     <span class='ocr_line' id='line_1_15' title="bbox 406 2206 1508 2285; baseline -0.001 -14"><span class='ocrx_word' id='word_1_97' title='bbox 406 2211 598 2273; x_wconf 87' lang='lat' dir='ltr'>roboratur.</span> <span class='ocrx_word' id='word_1_98' title='bbox 676 2207 757 2272; x_wconf 90' lang='lat' dir='ltr'>Hiis</span> <span class='ocrx_word' id='word_1_99' title='bbox 803 2208 959 2285; x_wconf 89' lang='lat' dir='ltr'>testibus,</span> <span class='ocrx_word' id='word_1_100' title='bbox 1011 2206 1057 2269; x_wconf 90' lang='lat' dir='ltr'>H.</span> <span class='ocrx_word' id='word_1_101' title='bbox 1107 2207 1341 2271; x_wconf 88' lang='lat' dir='ltr'>Thesaurario</span> <span class='ocrx_word' id='word_1_102' title='bbox 1390 2207 1508 2283; x_wconf 89' lang='lat' dir='ltr'>Ebor.,</span> 
     </span>
     <span class='ocr_line' id='line_1_16' title="bbox 406 2306 1507 2392; baseline 0.002 -23"><span class='ocrx_word' id='word_1_103' title='bbox 406 2307 577 2392; x_wconf 85' lang='lat' dir='ltr'>magistro</span> <span class='ocrx_word' id='word_1_104' title='bbox 597 2306 635 2369; x_wconf 89' lang='lat' dir='ltr'>P.</span> <span class='ocrx_word' id='word_1_105' title='bbox 656 2307 698 2370; x_wconf 91' lang='lat' dir='ltr'>de</span> <span class='ocrx_word' id='word_1_106' title='bbox 721 2306 926 2380; x_wconf 89' lang='lat' dir='ltr'>Shirburne,</span> <span class='ocrx_word' id='word_1_107' title='bbox 947 2307 1033 2370; x_wconf 91' lang='lat' dir='ltr'>m’ro</span> <span class='ocrx_word' id='word_1_108' title='bbox 1059 2307 1103 2370; x_wconf 84' lang='lat' dir='ltr'>R.</span> <span class='ocrx_word' id='word_1_109' title='bbox 1124 2307 1166 2371; x_wconf 94' lang='lat' dir='ltr'>de</span> <span class='ocrx_word' id='word_1_110' title='bbox 1194 2308 1322 2384; x_wconf 87' lang='lat' dir='ltr'>Insula,</span> <span class='ocrx_word' id='word_1_111' title='bbox 1344 2307 1429 2371; x_wconf 87' lang='lat' dir='ltr'>m&#39;ro</span> <span class='ocrx_word' id='word_1_112' title='bbox 1447 2307 1507 2371; x_wconf 92' lang='lat' dir='ltr'>W.</span> 
     </span>
     <span class='ocr_line' id='line_1_17' title="bbox 405 2405 1513 2490; baseline 0 -20"><span class='ocrx_word' id='word_1_113' title='bbox 405 2407 447 2471; x_wconf 93' lang='lat' dir='ltr'>de</span> <span class='ocrx_word' id='word_1_114' title='bbox 474 2405 677 2483; x_wconf 86' lang='lat' dir='ltr'>Wisebech‚</span> <span class='ocrx_word' id='word_1_115' title='bbox 706 2405 791 2470; x_wconf 87' lang='lat' dir='ltr'>m’ro</span> <span class='ocrx_word' id='word_1_116' title='bbox 822 2407 850 2490; x_wconf 88' lang='lat' dir='ltr'>J.</span> <span class='ocrx_word' id='word_1_117' title='bbox 881 2406 1056 2484; x_wconf 87' lang='lat' dir='ltr'>Romano,</span> <span class='ocrx_word' id='word_1_118' title='bbox 1084 2406 1272 2471; x_wconf 89' lang='lat' dir='ltr'>Canonicis</span> <span class='ocrx_word' id='word_1_119' title='bbox 1299 2407 1417 2483; x_wconf 84' lang='lat' dir='ltr'>Ebor.,</span> <span class='ocrx_word' id='word_1_120' title='bbox 1447 2408 1513 2470; x_wconf 72' lang='lat' dir='ltr'>Mro</span> 
     </span>
     <span class='ocr_line' id='line_1_18' title="bbox 409 2505 1512 2591; baseline 0.004 -24"><span class='ocrx_word' id='word_1_121' title='bbox 409 2506 555 2591; x_wconf 85' lang='lat' dir='ltr'>Rogero</span> <span class='ocrx_word' id='word_1_122' title='bbox 593 2506 635 2569; x_wconf 92' lang='lat' dir='ltr'>de</span> <span class='ocrx_word' id='word_1_123' title='bbox 677 2505 848 2584; x_wconf 84' lang='lat' dir='ltr'>Richem&#39;,</span> <span class='ocrx_word' id='word_1_124' title='bbox 884 2506 969 2570; x_wconf 92' lang='lat' dir='ltr'>m&#39;ro</span> <span class='ocrx_word' id='word_1_125' title='bbox 1009 2506 1212 2582; x_wconf 79' lang='lat' dir='ltr'>Aureliane,</span> <span class='ocrx_word' id='word_1_126' title='bbox 1247 2506 1435 2571; x_wconf 83' lang='lat' dir='ltr'>Canonicis</span> <span class='ocrx_word' id='word_1_127' title='bbox 1469 2507 1512 2571; x_wconf 92' lang='lat' dir='ltr'>de</span> 
     </span>
     <span class='ocr_line' id='line_1_19' title="bbox 410 2605 722 2691; baseline 0.003 -23"><span class='ocrx_word' id='word_1_128' title='bbox 410 2605 565 2691; x_wconf 84' lang='lat' dir='ltr'>Rypon&#39;,</span> <span class='ocrx_word' id='word_1_129' title='bbox 585 2617 618 2669; x_wconf 91' lang='lat' dir='ltr'>et</span> <span class='ocrx_word' id='word_1_130' title='bbox 633 2605 722 2669; x_wconf 90' lang='lat' dir='ltr'>aliis.</span> 
     </span>
    </p>
   </div>
   <div class='ocr_carea' id='block_1_4' title="bbox 440 2794 1476 2877">
    <p class='ocr_par' dir='ltr' id='par_1_4' title="bbox 440 2794 1476 2877">
     <span class='ocr_line' id='line_1_20' title="bbox 440 2794 1476 2877; baseline 0 -18"><span class='ocrx_word' id='word_1_131' title='bbox 440 2796 510 2877; x_wconf 91' lang='lat'>(19)</span> <span class='ocrx_word' id='word_1_132' title='bbox 535 2794 800 2860; x_wconf 75' lang='lat' dir='ltr'>Consrnnncro</span> <span class='ocrx_word' id='word_1_133' title='bbox 826 2814 990 2859; x_wconf 76' lang='lat' dir='ltr'>nrusueu</span> <span class='ocrx_word' id='word_1_134' title='bbox 1017 2816 1087 2859; x_wconf 77' lang='lat' dir='ltr'>run</span> <span class='ocrx_word' id='word_1_135' title='bbox 1113 2796 1333 2861; x_wconf 63' lang='lat' dir='ltr'>ciprinum</span> <span class='ocrx_word' id='word_1_136' title='bbox 1361 2796 1476 2860; x_wconf 77' lang='lat' dir='ltr'>Esou.</span> 
     </span>
    </p>
   </div>
   <div class='ocr_carea' id='block_1_5' title="bbox 1550 2509 1693 2624">
    <p class='ocr_par' dir='ltr' id='par_1_5' title="bbox 1550 2509 1693 2624">
     <span class='ocr_line' id='line_1_21' title="bbox 1566 2509 1685 2557; baseline 0 -1"><span class='ocrx_word' id='word_1_137' title='bbox 1566 2509 1635 2557; x_wconf 82' lang='lat' dir='ltr'>Will.</span> <span class='ocrx_word' id='word_1_138' title='bbox 1650 2510 1685 2557; x_wconf 81' lang='lat' dir='ltr'>de</span> 
     </span>
     <span class='ocr_line' id='line_1_22' title="bbox 1550 2575 1693 2624; baseline 0.014 -2"><span class='ocrx_word' id='word_1_139' title='bbox 1550 2575 1693 2624; x_wconf 74' lang='lat' dir='ltr'>Aureliano</span> 
     </span>
    </p>
   </div>
   <div class='ocr_carea' id='block_1_6' title="bbox 495 2946 1693 3033">
    <p class='ocr_par' dir='ltr' id='par_1_6' title="bbox 495 2946 1693 3033">
     <span class='ocr_line' id='line_1_23' title="bbox 495 2946 1693 3033; baseline 0.005 -24"><span class='ocrx_word' id='word_1_140' title='bbox 495 2946 681 3010; x_wconf 89' lang='lat' dir='ltr'>Vniuersis</span> <span class='ocrx_word' id='word_1_141' title='bbox 726 2947 854 3011; x_wconf 85' lang='lat' dir='ltr'>Sancte</span> <span class='ocrx_word' id='word_1_142' title='bbox 898 2948 1021 3011; x_wconf 87' lang='lat' dir='ltr'>Matris</span> <span class='ocrx_word' id='word_1_143' title='bbox 1063 2951 1206 3015; x_wconf 89' lang='lat' dir='ltr'>ecclesie</span> <span class='ocrx_word' id='word_1_144' title='bbox 1250 2950 1330 3014; x_wconf 82' lang='lat' dir='ltr'>liliis</span> <span class='ocrx_word' id='word_1_145' title='bbox 1371 2968 1693 3033; x_wconf 70' lang='lat' dir='ltr'>preserrsrzo3,n·ov.r</span> 
     </span>
    </p>
   </div>
   <div class='ocr_carea' id='block_1_7' title="bbox 407 3046 1517 4826">
    <p class='ocr_par' dir='ltr' id='par_1_7' title="bbox 407 3046 1517 4826">
     <span class='ocr_line' id='line_1_24' title="bbox 407 3046 1513 3129; baseline 0.003 -19"><span class='ocrx_word' id='word_1_146' title='bbox 407 3046 574 3129; x_wconf 91' lang='lat' dir='ltr'>scriptum</span> <span class='ocrx_word' id='word_1_147' title='bbox 622 3046 761 3121; x_wconf 88' lang='lat' dir='ltr'>visuris,</span> <span class='ocrx_word' id='word_1_148' title='bbox 804 3049 857 3110; x_wconf 91' lang='lat' dir='ltr'>vel</span> <span class='ocrx_word' id='word_1_149' title='bbox 896 3047 1004 3110; x_wconf 92' lang='lat' dir='ltr'>eciam</span> <span class='ocrx_word' id='word_1_150' title='bbox 1052 3049 1232 3112; x_wconf 89' lang='lat' dir='ltr'>audituris.</span> <span class='ocrx_word' id='word_1_151' title='bbox 1310 3050 1513 3114; x_wconf 89' lang='lat' dir='ltr'>Willelmus</span> 
     </span>
     <span class='ocr_line' id='line_1_25' title="bbox 407 3145 1511 3229; baseline 0.003 -19"><span class='ocrx_word' id='word_1_152' title='bbox 407 3146 572 3221; x_wconf 91' lang='lat' dir='ltr'>decanus,</span> <span class='ocrx_word' id='word_1_153' title='bbox 602 3158 637 3209; x_wconf 92' lang='lat' dir='ltr'>et</span> <span class='ocrx_word' id='word_1_154' title='bbox 663 3145 863 3229; x_wconf 89' lang='lat' dir='ltr'>Capitulum</span> <span class='ocrx_word' id='word_1_155' title='bbox 897 3148 986 3210; x_wconf 91' lang='lat' dir='ltr'>beati</span> <span class='ocrx_word' id='word_1_156' title='bbox 1022 3148 1112 3212; x_wconf 89' lang='lat' dir='ltr'>Petri</span> <span class='ocrx_word' id='word_1_157' title='bbox 1148 3149 1266 3226; x_wconf 88' lang='lat' dir='ltr'>Ebor.,</span> <span class='ocrx_word' id='word_1_158' title='bbox 1298 3152 1444 3214; x_wconf 90' lang='lat' dir='ltr'>salutem</span> <span class='ocrx_word' id='word_1_159' title='bbox 1479 3151 1511 3213; x_wconf 93' lang='lat' dir='ltr'>in</span> 
     </span>
     <span class='ocr_line' id='line_1_26' title="bbox 410 3245 1511 3329; baseline 0.004 -20"><span class='ocrx_word' id='word_1_160' title='bbox 410 3245 568 3309; x_wconf 91' lang='lat' dir='ltr'>Domino</span> <span class='ocrx_word' id='word_1_161' title='bbox 614 3246 873 3329; x_wconf 89' lang='lat' dir='ltr'>sempiternam.</span> <span class='ocrx_word' id='word_1_162' title='bbox 954 3246 1100 3311; x_wconf 88' lang='lat' dir='ltr'>Nouerit</span> <span class='ocrx_word' id='word_1_163' title='bbox 1141 3249 1347 3313; x_wconf 89' lang='lat' dir='ltr'>vniuersitas</span> <span class='ocrx_word' id='word_1_164' title='bbox 1387 3263 1511 3324; x_wconf 90' lang='lat' dir='ltr'>vestra,</span> 
     </span>
     <span class='ocr_line' id='line_1_27' title="bbox 408 3345 1514 3428; baseline 0.005 -20"><span class='ocrx_word' id='word_1_165' title='bbox 408 3345 503 3428; x_wconf 91' lang='lat' dir='ltr'>quod</span> <span class='ocrx_word' id='word_1_166' title='bbox 534 3367 613 3409; x_wconf 93' lang='lat' dir='ltr'>cum</span> <span class='ocrx_word' id='word_1_167' title='bbox 647 3346 811 3411; x_wconf 92' lang='lat' dir='ltr'>dominus</span> <span class='ocrx_word' id='word_1_168' title='bbox 839 3348 997 3411; x_wconf 87' lang='lat' dir='ltr'>Thomas</span> <span class='ocrx_word' id='word_1_169' title='bbox 1028 3346 1121 3410; x_wconf 86' lang='lat' dir='ltr'>filius</span> <span class='ocrx_word' id='word_1_170' title='bbox 1153 3348 1281 3424; x_wconf 83' lang='lat' dir='ltr'>Briani,</span> <span class='ocrx_word' id='word_1_171' title='bbox 1314 3349 1514 3413; x_wconf 87' lang='lat' dir='ltr'>Canonicus</span> 
     </span>
     <span class='ocr_line' id='line_1_28' title="bbox 408 3445 1512 3532; baseline 0 -22"><span class='ocrx_word' id='word_1_172' title='bbox 408 3445 553 3510; x_wconf 90' lang='lat' dir='ltr'>ecclesie</span> <span class='ocrx_word' id='word_1_173' title='bbox 573 3445 726 3529; x_wconf 89' lang='lat' dir='ltr'>Rypon’,</span> <span class='ocrx_word' id='word_1_174' title='bbox 748 3448 933 3532; x_wconf 87' lang='lat' dir='ltr'>religiosos</span> <span class='ocrx_word' id='word_1_175' title='bbox 947 3448 1040 3510; x_wconf 92' lang='lat' dir='ltr'>viros</span> <span class='ocrx_word' id='word_1_176' title='bbox 1055 3447 1226 3510; x_wconf 81' lang='lat' dir='ltr'>Abbatem</span> <span class='ocrx_word' id='word_1_177' title='bbox 1245 3460 1277 3511; x_wconf 90' lang='lat' dir='ltr'>et</span> <span class='ocrx_word' id='word_1_178' title='bbox 1291 3449 1512 3512; x_wconf 70' lang='lat' dir='ltr'>Conuentum</span> 
     </span>
     <span class='ocr_line' id='line_1_29' title="bbox 408 3545 1515 3629; baseline 0.001 -19"><span class='ocrx_word' id='word_1_179' title='bbox 408 3546 451 3610; x_wconf 91' lang='lat' dir='ltr'>de</span> <span class='ocrx_word' id='word_1_180' title='bbox 485 3545 657 3609; x_wconf 89' lang='lat' dir='ltr'>Fontibus</span> <span class='ocrx_word' id='word_1_181' title='bbox 688 3568 793 3629; x_wconf 91' lang='lat' dir='ltr'>super</span> <span class='ocrx_word' id='word_1_182' title='bbox 820 3547 1031 3629; x_wconf 90' lang='lat' dir='ltr'>quibusdam</span> <span class='ocrx_word' id='word_1_183' title='bbox 1064 3545 1207 3609; x_wconf 90' lang='lat' dir='ltr'>decimis</span> <span class='ocrx_word' id='word_1_184' title='bbox 1239 3559 1271 3610; x_wconf 94' lang='lat' dir='ltr'>et</span> <span class='ocrx_word' id='word_1_185' title='bbox 1304 3550 1405 3612; x_wconf 89' lang='lat' dir='ltr'>rebus</span> <span class='ocrx_word' id='word_1_186' title='bbox 1436 3548 1515 3611; x_wconf 87' lang='lat' dir='ltr'>aliis</span> 
     </span>
     <span class='ocr_line' id='line_1_30' title="bbox 410 3644 1515 3732; baseline 0.004 -25"><span class='ocrx_word' id='word_1_187' title='bbox 410 3644 697 3727; x_wconf 89' lang='lat' dir='ltr'>prouenientibus</span> <span class='ocrx_word' id='word_1_188' title='bbox 725 3646 767 3710; x_wconf 91' lang='lat' dir='ltr'>de</span> <span class='ocrx_word' id='word_1_189' title='bbox 795 3646 1008 3731; x_wconf 85' lang='lat' dir='ltr'>Slenygford</span> <span class='ocrx_word' id='word_1_190' title='bbox 1037 3659 1070 3708; x_wconf 95' lang='lat' dir='ltr'>et</span> <span class='ocrx_word' id='word_1_191' title='bbox 1096 3645 1139 3708; x_wconf 93' lang='lat' dir='ltr'>de</span> <span class='ocrx_word' id='word_1_192' title='bbox 1166 3644 1398 3732; x_wconf 84' lang='lat' dir='ltr'>Wynkeslay,</span> <span class='ocrx_word' id='word_1_193' title='bbox 1430 3648 1515 3712; x_wconf 91' lang='lat' dir='ltr'>locis</span> 
     </span>
     <span class='ocr_line' id='line_1_31' title="bbox 411 3743 1513 3828; baseline 0.003 -21"><span class='ocrx_word' id='word_1_194' title='bbox 411 3743 610 3808; x_wconf 90' lang='lat' dir='ltr'>monasterii</span> <span class='ocrx_word' id='word_1_195' title='bbox 657 3745 831 3822; x_wconf 91' lang='lat' dir='ltr'>antedicti,</span> <span class='ocrx_word' id='word_1_196' title='bbox 873 3759 906 3809; x_wconf 94' lang='lat' dir='ltr'>et</span> <span class='ocrx_word' id='word_1_197' title='bbox 947 3766 1054 3828; x_wconf 91' lang='lat' dir='ltr'>super</span> <span class='ocrx_word' id='word_1_198' title='bbox 1091 3745 1244 3809; x_wconf 90' lang='lat' dir='ltr'>decimas</span> <span class='ocrx_word' id='word_1_199' title='bbox 1282 3747 1513 3811; x_wconf 89' lang='lat' dir='ltr'>seruiencium</span> 
     </span>
     <span class='ocr_line' id='line_1_32' title="bbox 409 3844 1516 3911; baseline 0.004 -4"><span class='ocrx_word' id='word_1_200' title='bbox 409 3844 580 3908; x_wconf 88' lang='lat' dir='ltr'>dictorum</span> <span class='ocrx_word' id='word_1_201' title='bbox 621 3844 768 3909; x_wconf 86' lang='lat' dir='ltr'>Abbatis</span> <span class='ocrx_word' id='word_1_202' title='bbox 798 3859 832 3909; x_wconf 89' lang='lat' dir='ltr'>et</span> <span class='ocrx_word' id='word_1_203' title='bbox 863 3845 1068 3909; x_wconf 87' lang='lat' dir='ltr'>Conuentus</span> <span class='ocrx_word' id='word_1_204' title='bbox 1099 3847 1393 3910; x_wconf 89' lang='lat' dir='ltr'>commorancium</span> <span class='ocrx_word' id='word_1_205' title='bbox 1429 3846 1516 3911; x_wconf 87' lang='lat' dir='ltr'>infra</span> 
     </span>
     <span class='ocr_line' id='line_1_33' title="bbox 411 3944 1517 4028; baseline 0.004 -22"><span class='ocrx_word' id='word_1_206' title='bbox 411 3944 539 4008; x_wconf 92' lang='lat' dir='ltr'>limites</span> <span class='ocrx_word' id='word_1_207' title='bbox 572 3944 744 4026; x_wconf 90' lang='lat' dir='ltr'>prebende</span> <span class='ocrx_word' id='word_1_208' title='bbox 776 3967 837 4009; x_wconf 92' lang='lat' dir='ltr'>sue</span> <span class='ocrx_word' id='word_1_209' title='bbox 867 3945 1016 4027; x_wconf 91' lang='lat' dir='ltr'>predicte</span> <span class='ocrx_word' id='word_1_210' title='bbox 1044 3944 1226 4008; x_wconf 89' lang='lat' dir='ltr'>occasione</span> <span class='ocrx_word' id='word_1_211' title='bbox 1254 3945 1408 4010; x_wconf 91' lang='lat' dir='ltr'>eiusdem</span> <span class='ocrx_word' id='word_1_212' title='bbox 1443 3967 1517 4028; x_wconf 89' lang='lat' dir='ltr'>pre-</span> 
     </span>
     <span class='ocr_line' id='line_1_34' title="bbox 411 4043 1514 4118; baseline 0.001 -11"><span class='ocrx_word' id='word_1_213' title='bbox 411 4043 523 4107; x_wconf 91' lang='lat' dir='ltr'>bende</span> <span class='ocrx_word' id='word_1_214' title='bbox 548 4044 708 4108; x_wconf 88' lang='lat' dir='ltr'>traxisset</span> <span class='ocrx_word' id='word_1_215' title='bbox 736 4045 769 4107; x_wconf 92' lang='lat' dir='ltr'>in</span> <span class='ocrx_word' id='word_1_216' title='bbox 799 4065 965 4118; x_wconf 80' lang='lat' dir='ltr'>causam3</span> <span class='ocrx_word' id='word_1_217' title='bbox 998 4044 1155 4107; x_wconf 85' lang='lat' dir='ltr'>Tandem</span> <span class='ocrx_word' id='word_1_218' title='bbox 1185 4066 1290 4108; x_wconf 87' lang='lat' dir='ltr'>causa</span> <span class='ocrx_word' id='word_1_219' title='bbox 1315 4046 1514 4110; x_wconf 87' lang='lat' dir='ltr'>huiusmodi</span> 
     </span>
     <span class='ocr_line' id='line_1_35' title="bbox 411 4143 1514 4229; baseline 0.002 -22"><span class='ocrx_word' id='word_1_220' title='bbox 411 4143 670 4226; x_wconf 91' lang='lat' dir='ltr'>composicione</span> <span class='ocrx_word' id='word_1_221' title='bbox 697 4145 871 4208; x_wconf 91' lang='lat' dir='ltr'>amicabili</span> <span class='ocrx_word' id='word_1_222' title='bbox 910 4144 1123 4227; x_wconf 88' lang='lat' dir='ltr'>conquieuit,</span> <span class='ocrx_word' id='word_1_223' title='bbox 1160 4158 1260 4227; x_wconf 89' lang='lat' dir='ltr'>prout</span> <span class='ocrx_word' id='word_1_224' title='bbox 1293 4147 1325 4207; x_wconf 92' lang='lat' dir='ltr'>in</span> <span class='ocrx_word' id='word_1_225' title='bbox 1362 4147 1514 4229; x_wconf 90' lang='lat' dir='ltr'>quodam</span> 
     </span>
     <span class='ocr_line' id='line_1_36' title="bbox 414 4242 1516 4328; baseline 0.006 -24"><span class='ocrx_word' id='word_1_226' title='bbox 414 4242 643 4306; x_wconf 91' lang='lat' dir='ltr'>instrumento</span> <span class='ocrx_word' id='word_1_227' title='bbox 688 4242 956 4318; x_wconf 89' lang='lat' dir='ltr'>confirmatorio,</span> <span class='ocrx_word' id='word_1_228' title='bbox 999 4244 1119 4326; x_wconf 88' lang='lat' dir='ltr'>sigillo</span> <span class='ocrx_word' id='word_1_229' title='bbox 1159 4247 1366 4310; x_wconf 86' lang='lat' dir='ltr'>venerabilis</span> <span class='ocrx_word' id='word_1_230' title='bbox 1410 4247 1516 4328; x_wconf 91' lang='lat' dir='ltr'>patris</span> 
     </span>
     <span class='ocr_line' id='line_1_37' title="bbox 413 4342 1512 4425; baseline 0.003 -19"><span class='ocrx_word' id='word_1_231' title='bbox 413 4342 591 4407; x_wconf 86' lang='lat' dir='ltr'>Godefridi</span> <span class='ocrx_word' id='word_1_232' title='bbox 642 4342 906 4425; x_wconf 83' lang='lat' dir='ltr'>Archiepiscopi</span> <span class='ocrx_word' id='word_1_233' title='bbox 963 4345 1071 4407; x_wconf 88' lang='lat' dir='ltr'>nostri</span> <span class='ocrx_word' id='word_1_234' title='bbox 1121 4345 1257 4425; x_wconf 89' lang='lat' dir='ltr'>plenius</span> <span class='ocrx_word' id='word_1_235' title='bbox 1306 4346 1512 4410; x_wconf 88' lang='lat' dir='ltr'>continetur.</span> 
     </span>
     <span class='ocr_line' id='line_1_38' title="bbox 414 4442 1516 4529; baseline 0.003 -24"><span class='ocrx_word' id='word_1_236' title='bbox 414 4443 527 4528; x_wconf 76' lang='lat' dir='ltr'>Quam</span> <span class='ocrx_word' id='word_1_237' title='bbox 575 4442 727 4524; x_wconf 89' lang='lat' dir='ltr'>quietam</span> <span class='ocrx_word' id='word_1_238' title='bbox 767 4444 1075 4526; x_wconf 89' lang='lat' dir='ltr'>composicionem,</span> <span class='ocrx_word' id='word_1_239' title='bbox 1120 4444 1152 4505; x_wconf 94' lang='lat' dir='ltr'>in</span> <span class='ocrx_word' id='word_1_240' title='bbox 1193 4459 1361 4526; x_wconf 90' lang='lat' dir='ltr'>quantum</span> <span class='ocrx_word' id='word_1_241' title='bbox 1403 4446 1516 4529; x_wconf 87' lang='lat' dir='ltr'>tangit</span> 
     </span>
     <span class='ocr_line' id='line_1_39' title="bbox 415 4543 1517 4627; baseline 0.004 -22"><span class='ocrx_word' id='word_1_242' title='bbox 415 4543 622 4625; x_wconf 90' lang='lat' dir='ltr'>prebendam</span> <span class='ocrx_word' id='word_1_243' title='bbox 657 4544 796 4625; x_wconf 85' lang='lat' dir='ltr'>predicti</span> <span class='ocrx_word' id='word_1_244' title='bbox 830 4544 900 4607; x_wconf 91' lang='lat' dir='ltr'>d&#39;ni</span> <span class='ocrx_word' id='word_1_245' title='bbox 933 4543 1069 4607; x_wconf 90' lang='lat' dir='ltr'>Thome</span> <span class='ocrx_word' id='word_1_246' title='bbox 1110 4544 1142 4604; x_wconf 95' lang='lat' dir='ltr'>in</span> <span class='ocrx_word' id='word_1_247' title='bbox 1176 4545 1257 4607; x_wconf 90' lang='lat' dir='ltr'>eccl.</span> <span class='ocrx_word' id='word_1_248' title='bbox 1296 4543 1449 4627; x_wconf 85' lang='lat' dir='ltr'>Rypon&#39;,</span> <span class='ocrx_word' id='word_1_249' title='bbox 1483 4558 1517 4609; x_wconf 90' lang='lat' dir='ltr'>et</span> 
     </span>
     <span class='ocr_line' id='line_1_40' title="bbox 415 4642 1517 4726; baseline -0.001 -20"><span class='ocrx_word' id='word_1_250' title='bbox 415 4644 520 4707; x_wconf 89' lang='lat' dir='ltr'>eciam</span> <span class='ocrx_word' id='word_1_251' title='bbox 553 4644 733 4706; x_wconf 90' lang='lat' dir='ltr'>ecelesiam</span> <span class='ocrx_word' id='word_1_252' title='bbox 771 4642 921 4726; x_wconf 86' lang='lat' dir='ltr'>Rypon’,</span> <span class='ocrx_word' id='word_1_253' title='bbox 950 4643 993 4705; x_wconf 92' lang='lat' dir='ltr'>ad</span> <span class='ocrx_word' id='word_1_254' title='bbox 1024 4642 1227 4705; x_wconf 91' lang='lat' dir='ltr'>instanciam</span> <span class='ocrx_word' id='word_1_255' title='bbox 1256 4644 1408 4723; x_wconf 89' lang='lat' dir='ltr'>parcium</span> <span class='ocrx_word' id='word_1_256' title='bbox 1436 4665 1517 4707; x_wconf 93' lang='lat' dir='ltr'>con-</span> 
     </span>
     <span class='ocr_line' id='line_1_41' title="bbox 416 4740 1515 4826; baseline 0.001 -21"><span class='ocrx_word' id='word_1_257' title='bbox 416 4741 604 4807; x_wconf 89' lang='lat' dir='ltr'>firmamus.</span> <span class='ocrx_word' id='word_1_258' title='bbox 668 4744 707 4806; x_wconf 92' lang='lat' dir='ltr'>ln</span> <span class='ocrx_word' id='word_1_259' title='bbox 734 4743 833 4807; x_wconf 89' lang='lat' dir='ltr'>cuius</span> <span class='ocrx_word' id='word_1_260' title='bbox 859 4741 904 4806; x_wconf 92' lang='lat' dir='ltr'>rei</span> <span class='ocrx_word' id='word_1_261' title='bbox 930 4742 1166 4807; x_wconf 91' lang='lat' dir='ltr'>testimonium</span> <span class='ocrx_word' id='word_1_262' title='bbox 1192 4740 1348 4824; x_wconf 85' lang='lat' dir='ltr'>sigillum</span> <span class='ocrx_word' id='word_1_263' title='bbox 1373 4744 1515 4826; x_wconf 91' lang='lat' dir='ltr'>capituli</span> 
     </span>
    </p>
   </div>
   <div class='ocr_carea' id='block_1_8' title="bbox 1546 3033 1692 3082">
    <p class='ocr_par' dir='ltr' id='par_1_8' title="bbox 1546 3033 1692 3082">
     <span class='ocr_line' id='line_1_42' title="bbox 1546 3033 1692 3082; baseline 0.007 -3"><span class='ocrx_word' id='word_1_264' title='bbox 1546 3033 1592 3080; x_wconf 72' lang='lat' dir='ltr'>list</span> <span class='ocrx_word' id='word_1_265' title='bbox 1607 3034 1631 3080; x_wconf 91' lang='lat' dir='ltr'>in</span> <span class='ocrx_word' id='word_1_266' title='bbox 1645 3050 1692 3082; x_wconf 85' lang='lat' dir='ltr'>cer</span> 
     </span>
    </p>
   </div>
   <div class='ocr_carea' id='block_1_9' title="bbox 1567 3111 1693 3225">
    <p class='ocr_par' dir='ltr' id='par_1_9' title="bbox 1567 3111 1693 3225">
     <span class='ocr_line' id='line_1_43' title="bbox 1569 3111 1687 3159; baseline 0.017 -2"><span class='ocrx_word' id='word_1_267' title='bbox 1569 3111 1638 3159; x_wconf 85' lang='lat' dir='ltr'>Will.</span> <span class='ocrx_word' id='word_1_268' title='bbox 1652 3112 1687 3159; x_wconf 76' lang='lat' dir='ltr'>de.</span> 
     </span>
     <span class='ocr_line' id='line_1_44' title="bbox 1567 3176 1693 3225; baseline 0.016 -2"><span class='ocrx_word' id='word_1_269' title='bbox 1567 3176 1590 3223; x_wconf 86' lang='lat' dir='ltr'>T</span> <span class='ocrx_word' id='word_1_270' title='bbox 1591 3177 1693 3225; x_wconf 86' lang='lat' dir='ltr'>estard.</span> 
     </span>
    </p>
   </div>
   <div class='ocr_carea' id='block_1_10' title="bbox 0 0 1994 5625">
    <p class='ocr_par' dir='ltr' id='par_1_10' title="bbox 0 0 1994 5625">
     <span class='ocr_line' id='line_1_45' title="bbox 0 0 1994 5625; baseline 0 0"><span class='ocrx_word' id='word_1_271' title='bbox 0 0 1994 5625; x_wconf 95' lang='lat' dir='ltr'> </span> 
     </span>
    </p>
   </div>
  </div>
 </body>
</html>
