3950 5625
291 1063 314 1098 c.
334 1061 408 1108 1240.

457 709 500 782 88
744 707 823 780 Tur
848 707 1005 780 lucrm
1029 707 1277 779 Mnuuscrur’r.

847 894 935 976 (134)
962 893 1019 957 DE
1044 910 1182 957 sonan.

546 1039 646 1100 Omn.
685 1036 729 1100 ad
765 1056 852 1119 quos
888 1055 937 1118 pr.
975 1054 1038 1097 scr.
1076 1035 1282 1117 peruenerit,
1320 1035 1352 1117 J.
1392 1032 1574 1100 Romanus
1655 1088 1658 1094 .

458 1140 674 1204 subdecanus
709 1141 812 1202 Ebor.
849 1145 884 1201 et
919 1137 1111 1202 Canonicus
1148 1138 1284 1221 Ripon’,
1321 1159 1369 1203 sa.
1405 1139 1440 1203 in
1477 1139 1570 1204 d'no.

458 1243 546 1307 Nou.
571 1264 626 1308 me
648 1243 815 1307 dimisisse
838 1249 872 1305 et
895 1262 989 1306 conc.
1016 1241 1128 1305 Rob'o
1153 1242 1215 1326 (42)
1242 1242 1362 1325 pistori
1385 1248 1419 1306 et
1448 1243 1519 1308 her.
1545 1265 1570 1307 s.

457 1348 512 1411 vel
530 1348 599 1411 suis
617 1347 740 1432 assign.
760 1347 795 1410 in
814 1346 915 1410 feodo
932 1352 967 1409 et
986 1345 1189 1420 hereditate,
1209 1352 1324 1410 totum
1342 1347 1473 1411 toltum
1491 1369 1572 1412 curn

430 1453 548 1516 'omn
578 1451 718 1516 edificiis
751 1451 896 1533 desuper
930 1448 1109 1524 edificatis,
1138 1449 1223 1514 illud
1252 1450 1333 1547 vid}
1361 1450 1456 1535 quod
1483 1451 1573 1515 iacet

457 1555 546 1619 inter
569 1555 725 1638 placeam
749 1554 807 1618 vbi
833 1553 900 1618 sita
925 1560 976 1617 est
1001 1553 1142 1638 grangia
1166 1573 1234 1638 que
1259 1554 1325 1618 luit
1351 1555 1471 1639 Mag’ri
1496 1555 1572 1620 Ade

456 1659 499 1723 de
522 1658 711 1742 Melsanby,
735 1664 768 1721 et
792 1663 919 1721 terram
942 1657 1108 1721 Normani
1131 1657 1186 1720 del
1208 1658 1307 1733 How,
1331 1664 1366 1721 et
1387 1659 1482 1743 quod
1503 1659 1572 1723 emi

456 1762 499 1827 de
519 1762 632 1826 Will'o
652 1761 721 1825 filio
741 1761 896 1835 Gilberti,
915 1766 983 1824 ten.
1006 1766 1041 1824 et
1061 1761 1140 1824 hab.
1159 1761 1201 1826 de
1221 1781 1276 1825 me
1295 1767 1330 1824 et
1349 1783 1439 1827 succ.
1457 1783 1517 1837 m,
1533 1763 1568 1827 li.

456 1866 526 1951 qui.
549 1866 700 1951 pacifice,
723 1864 833 1930 Redd.
856 1865 935 1929 inde
956 1864 1138 1929 annuatim
1159 1865 1262 1929 michi
1284 1871 1318 1929 et
1339 1886 1428 1930 succ.
1451 1887 1497 1930 m.
1520 1867 1569 1950 iiij

456 1971 553 2035 solid.
576 1991 621 2034 sc.
645 1969 697 2053 ijs.
722 1970 766 2033 ad
789 1970 886 2033 Pent.
910 1974 944 2032 et
966 1967 1019 2051 ijs.
1043 1969 1088 2033 ad
1109 1968 1132 2033 f.
1156 1968 1189 2033 S.
1214 1969 1257 2033 M.
1281 1990 1343 2053 pro
1365 1990 1457 2034 omn.
1480 1991 1569 2035 seru.

366 2109 367 2112 ¹
456 2080 491 2138 et
515 2074 603 2138 dem.
654 2074 869 2156 (Worrootp).
918 2073 964 2136 Et
990 2072 1018 2135 si
1042 2073 1131 2137 forte
1152 2071 1266 2137 dictus
1290 2073 1398 2137 Rob’s
1419 2074 1474 2138 vel
1498 2074 1569 2139 her.

455 2179 508 2243 sui
527 2179 599 2242 siue
618 2178 740 2263 assign.
761 2177 796 2241 in
816 2176 932 2261 aliquo
951 2176 1099 2240 termino
1117 2176 1152 2241 in
1171 2177 1344 2241 solucione
1362 2178 1454 2242 dicte
1472 2178 1570 2243 firme

455 2282 652 2357 defecerint,
692 2280 824 2345 dictum
863 2281 993 2345 toftum
1030 2280 1102 2344 sine
1139 2280 1415 2346 contradiccione
1453 2282 1571 2366 aliqua

352 2415 355 2422 ·
455 2385 558 2450 michi
575 2392 610 2449 et
626 2406 714 2449 succ.
733 2406 778 2449 m.
797 2384 932 2449 redibit.
982 2384 1022 2447 In
1039 2405 1067 2447 c.
1083 2403 1107 2448 r.
1123 2390 1148 2448 t.
1163 2384 1243 2448 huic
1257 2405 1320 2449 scr.
1338 2387 1571 2470 cyrograflato

456 2497 529 2555 tam
542 2489 602 2574 sig.
618 2510 663 2553 m.
678 2509 784 2573 quam
797 2489 857 2572 sig.
873 2487 957 2551 dicti
972 2487 1074 2551 Rob’i
1088 2488 1287 2552 alternatim
1300 2495 1351 2552 est
1365 2510 1567 2573 appensum.

457 2595 501 2658 H.
527 2600 551 2658 t.
578 2593 715 2678 Mag’ris
738 2592 778 2656 G.
804 2592 846 2657 de
870 2592 984 2667 Lard',
1010 2591 1111 2656 Laur.
1136 2592 1179 2655 de
1202 2592 1345 2675 Topclil,
1370 2593 1505 2659 Thoma
1527 2595 1569 2658 de

458 2698 624 2781 Kirkeby,
645 2703 679 2761 et
698 2696 828 2761 ceteris

846 2851 932 2932 (135)
960 2850 1016 2913 DE
1041 2867 1178 2915 eoban.

546 3004 657 3089 Capit.
683 3004 749 3069 S’ci
779 3004 887 3068 Willr.
914 3003 956 3068 de
987 3002 1112 3086 Ripon'
1143 3024 1234 3067 omn.
1266 3004 1344 3067 aud.
1376 3009 1410 3067 et
1440 3004 1502 3088 leg.
1534 3005 1566 3069 h.

458 3110 574 3174 literas
607 3109 642 3173 in
676 3129 756 3191 xp0,
791 3108 949 3172 salutem.
998 3106 1130 3171 Notum
1163 3106 1208 3170 sit
1242 3107 1341 3171 vobis
1375 3106 1568 3172 Gilbertum

458 3215 600 3279 fratrem
617 3218 651 3276 et
668 3212 937 3277 concanonicum
953 3216 1111 3275 nostrum
1124 3210 1200 3275 ded.
1216 3216 1250 3274 et
1263 3231 1357 3276 conc.
1373 3217 1407 3275 et
1420 3212 1571 3295 presenti

458 3317 592 3383 cartula
629 3317 717 3381 conf.
752 3316 913 3380 Sauarico
947 3307 981 3379 et
1013 3336 1038 3379 s
1072 3313 1199 3391 hered,
1233 3335 1339 3379 vnam
1371 3335 1570 3381 mansuram

459 3429 548 3487 terre
573 3421 616 3486 de
641 3420 816 3505 prebenda
841 3440 903 3484 sua
929 3419 1028 3483 iuxta
1052 3418 1230 3504 grangiam
1256 3418 1369 3483 Nich'i
1394 3418 1567 3495 Canonici‚

460 3547 539 3592 cum
560 3525 695 3590 duabus
716 3524 854 3589 bouatis
875 3529 963 3588 terre
984 3520 1118 3606 prefate
1139 3542 1299 3586 mansure
1320 3507 1569 3599 adiacentibus,

461 3628 598 3695 tenend.
621 3629 663 3694 de
684 3627 741 3692 illo
762 3634 796 3691 et
817 3627 860 3692 de
880 3648 906 3691 s,
929 3647 1018 3691 succ.
1040 3626 1074 3690 li.
1098 3631 1132 3690 et
1153 3626 1223 3711 qui.
1246 3627 1291 3690 ab
1311 3626 1405 3690 omni
1425 3646 1513 3691 serv.
1535 3633 1571 3691 et

460 3754 551 3799 cons.
575 3753 637 3817 pro
660 3732 737 3815 iiijs.
763 3731 944 3796 annuatim
968 3729 1161 3806 reddendis,
1186 3729 1239 3813 ijs.
1265 3729 1310 3794 ad
1335 3730 1432 3795 Pent.
1455 3736 1490 3794 et
1514 3730 1566 3813 ijs.

460 3837 505 3902 ad
530 3838 552 3902 f.
579 3837 611 3901 S.
636 3837 680 3901 M.
726 3836 838 3901 Huius
862 3835 1062 3900 donacionis
1081 3834 1129 3897 hii
1150 3839 1232 3898 sunt
1254 3840 1370 3909 testes,
1390 3835 1569 3910 Osbertus,

461 3942 579 4026 Steph.
602 3940 719 4016 Rob’s,
740 3939 905 4015 Andreas
926 3945 960 4003 et
980 3938 1094 4003 ceteri.

849 4113 937 4196 (136)
964 4114 1021 4176 DE
1045 4129 1182 4177 sonan.

550 4258 724 4322 Vniuersis
749 4256 808 4340 xpi
834 4255 992 4320 fidelibus
1017 4254 1061 4319 ad
1086 4275 1173 4339 quos
1198 4274 1248 4337 pr.
1275 4275 1337 4319 scr.
1364 4255 1569 4339 peruenerit,

462 4362 589 4427 humile
610 4361 809 4445 Capitulum
831 4360 897 4424 S'ci
919 4359 1027 4423 Willr.
1053 4359 1189 4441 Ripon’,
1207 4379 1254 4422 sa.
1274 4359 1308 4423 in
1331 4359 1431 4423 D’n0.
1479 4358 1568 4423 Nou.

460 4466 554 4530 vniu.
576 4471 693 4529 vestra
711 4484 774 4528 nos
793 4464 967 4527 communi
986 4462 1128 4527 consilio
1147 4468 1182 4526 et
1201 4482 1369 4527 consensu
1388 4468 1506 4526 nostro
1525 4462 1570 4527 ad

461 4569 666 4634 instanciam
713 4568 833 4652 Mag’ri
879 4567 990 4650 Joh'is
1037 4566 1185 4630 Romani
1231 4566 1418 4630 subdecani
1464 4566 1567 4630 Ebor.

461 4673 597 4748 Eccl'ie,
620 4673 735 4737 fratris
757 4677 791 4735 et
813 4671 1033 4736 concanonici
1055 4670 1174 4745 nostri,
1197 4670 1400 4734 concessisse
1422 4674 1457 4732 et
1478 4670 1511 4733 h.
1534 4689 1567 4753 p.

461 4799 490 4845 c.
514 4799 547 4843 n.
571 4777 661 4843 conl.
686 4774 816 4841 Rob'to
838 4775 963 4840 Pistori
985 4774 1055 4839 filio
1078 4774 1180 4839 Rob'i
1202 4773 1244 4838 de
1267 4773 1418 4838 Manteld
1441 4774 1567 4838 ether.
