3950 5625
413 709 477 775 206
700 711 780 776 Tur
805 711 961 776 luorrer
985 712 1233 776 Manuscnur.

413 890 516 953 choro
530 896 564 953 et
579 890 692 954 locum
707 889 742 954 in
757 891 908 974 capitulo
923 890 1051 955 eisdem
1066 890 1283 955 canonicatui
1298 896 1333 954 et
1349 890 1517 974 prebende

413 994 457 1058 ab
490 995 634 1078 antiquo
667 995 787 1059 debita
820 1002 853 1059 et
888 995 1053 1079 assignari
1085 1001 1261 1069 consueta,
1296 995 1407 1059 eidem
1441 995 1519 1059 d'no

414 1098 535 1163 Nich'o
572 1099 626 1162 vel
643 1169 647 1176 ,
664 1099 876 1182 procuratori
913 1120 975 1163 suo
1013 1099 1128 1163 debite
1165 1099 1390 1183 assignantes.
1439 1099 1516 1163 Dat.

414 1203 516 1267 Ebor.
550 1202 682 1267 decimo
714 1225 805 1268 nono
837 1202 891 1268 die
923 1204 1048 1267 mensis
1080 1203 1271 1286 Septembr.
1305 1204 1408 1268 Anno
1441 1204 1518 1267 D’ni

414 1307 555 1371 Mill'mo
574 1317 688 1371 ccccm⁰
709 1307 879 1371 tricesimo
900 1308 1015 1372 tercio,

500 1484 653 1569 Quarum
669 1485 809 1569 quidem
825 1486 1002 1550 literamm
1018 1487 1282 1551 reuerendamm
1299 1489 1518 1563 auctoritate,

411 1610 473 1653 nos
503 1590 693 1673 capitulum
723 1590 802 1654 eccl.
835 1590 901 1655 S'ci
931 1590 1079 1655 Willridi
1109 1591 1313 1674 predictum.
1345 1594 1520 1677 prefatum

411 1694 506 1757 d'nm
536 1693 672 1758 Nich'm
701 1695 828 1758 Hulme
856 1694 890 1758 in
920 1715 1101 1778 personam
1130 1695 1267 1759 discreti
1296 1697 1361 1760 viri
1390 1698 1521 1761 domini

412 1798 530 1861 Rob'ti
551 1798 729 1874 Sotheron,
751 1799 941 1882 presbiteri,
962 1800 1193 1882 procuratoris
1212 1800 1264 1864 sui
1284 1801 1520 1865 suffecientem

411 1903 444 1965 in
472 1903 536 1966 hac
562 1909 660 1985 parte
687 1909 897 1986 potestatem
924 1903 1094 1978 habentis
1122 1904 1285 1968 vicesimo
1312 1904 1366 1969 die
1393 1907 1519 1970 mensis

410 2007 571 2089 predicte,
584 2007 684 2072 Anno
695 2007 776 2070 D’ni
786 2007 994 2090 supradict0,
1007 2007 1262 2091 incorporalem
1272 2010 1521 2092 possessionem

410 2111 581 2175 dictorum
597 2112 820 2175 canonicatus
836 2118 870 2175 et
887 2112 1059 2194 prebende
1075 2112 1117 2175 de
1134 2113 1310 2177 Scharrow
1326 2114 1361 2176 in
1377 2114 1520 2179 ecclesia

410 2215 581 2299 colligiata
605 2215 759 2298 predicta
783 2215 981 2279 induximus
1006 2236 1084 2279 cum
1108 2216 1178 2280 suis
1201 2217 1332 2281 iuribus
1355 2224 1391 2282 et
1416 2220 1520 2301 perti-

411 2319 540 2403 nencijs
556 2320 733 2395 vniuersiS,
751 2340 790 2383 ac
807 2318 947 2383 stallum
963 2319 998 2382 in
1015 2320 1119 2384 choro
1135 2326 1169 2384 et
1186 2321 1298 2385 locum
1315 2320 1350 2385 in
1366 2323 1521 2405 capitulo

410 2423 537 2488 eisdem
568 2423 785 2488 canonicatui
816 2430 851 2487 et
882 2424 1053 2506 prebende
1084 2425 1128 2488 ab
1159 2425 1303 2509 antiquo
1334 2425 1454 2491 debita
1485 2434 1519 2491 et

410 2528 573 2612 assignari
612 2533 787 2603 consueta,
827 2528 1077 2611 assignauimus
1114 2535 1154 2592 vt
1193 2534 1244 2592 est
1282 2529 1396 2595 moris.
1446 2531 1520 2615 Que

409 2633 524 2697 omnia
562 2637 596 2695 et
634 2631 766 2716 singula
803 2632 1022 2696 uniuersitati
1059 2639 1172 2696 vestre
1210 2633 1362 2717 predicte
1400 2640 1520 2700 tenore

409 2737 621 2821 presencium
646 2737 857 2810 intimamus,
883 2736 1010 2821 quibus
1035 2736 1181 2822 sigillum
1207 2744 1364 2801 nostrum
1390 2741 1519 2824 apponi

409 2843 550 2907 fecimus
573 2843 606 2906 in
631 2842 733 2905 fidem
756 2849 790 2906 et
814 2842 1052 2906 testimonium
1075 2842 1326 2925 premissorum.
1375 2845 1458 2910 Dat.
1484 2846 1519 2909 in

408 2947 511 3010 domo
532 2952 649 3010 nostra
670 2945 851 3030 capitulari
872 2946 915 3009 de
937 2946 1062 3029 Ripon’
1084 2946 1200 3029 quoad
1220 2947 1519 3031 consignacionem

408 3051 631 3135 presencium,
673 3050 834 3114 vicesimo
873 3050 997 3134 quinto
1036 3050 1090 3114 die
1131 3051 1255 3115 mensis
1294 3051 1396 3115 Anno
1437 3054 1519 3117 D'ni

297 3163 303 3175 ‘
354 3164 360 3174 '
407 3156 616 3239 supradicto

410 3363 497 3445 (293)
527 3359 732 3444 (Certificate
749 3358 784 3422 oi
801 3358 985 3422 Induction
1003 3358 1038 3422 oi
1056 3358 1145 3423 Will.
1165 3358 1292 3424 Bedale
1308 3366 1345 3423 to
1362 3359 1519 3446 Chantry

451 3466 486 3529 oi
502 3464 552 3529 St.
570 3463 741 3546 Andrew).

496 3629 669 3695 Vniuersis
689 3628 721 3693 S.
744 3628 788 3693 M.
810 3629 849 3693 E.
868 3628 947 3711 filijs
967 3635 1141 3711 presentes
1160 3629 1275 3693 literas
1297 3630 1515 3714 inspecturis.

409 3733 607 3819 Capitulum
631 3733 710 3797 eccl.
737 3732 811 3797 coll.
838 3732 904 3797 S’ci
929 3732 1076 3797 Wiliridi
1102 3733 1258 3817 Riponie,
1284 3734 1387 3799 Ebor.
1414 3736 1516 3813 dioc,

410 3839 556 3904 salutem
585 3838 619 3901 in
648 3842 787 3901 auctore
815 3835 945 3900 salutis
994 3836 1137 3900 Nouerit
1165 3838 1371 3903 uniuersitas
1399 3847 1517 3906 vestra

409 3943 503 4029 quod
535 3962 597 4006 nos
629 3941 819 4005 cantariam
853 3940 918 4005 S'ci
951 3940 1086 4005 Andree
1118 3941 1275 4024 Apostoli
1307 3942 1342 4007 in
1375 3944 1516 4009 ecclesia

409 4054 527 4112 nostra
546 4046 700 4130 predicta
720 4064 780 4128 per
795 4051 941 4108 mortem
957 4044 1029 4108 d'ni
1046 4044 1215 4128 Johannis
1231 4046 1383 4122 Weston,
1400 4048 1515 4113 vltimi

408 4151 573 4235 capellani
588 4150 750 4224 eiusdem,
762 4154 944 4213 vacantem
955 4155 990 4212 et
1001 4149 1046 4212 ad
1056 4155 1210 4212 nostram
1220 4150 1440 4215 collacionem
1451 4153 1516 4217 hac

408 4257 481 4319 vice
501 4256 572 4320 iure
595 4254 693 4318 nobis
712 4253 876 4317 deuoluto
899 4273 959 4335 per
980 4251 1115 4335 lapsum
1138 4254 1301 4336 temporis
1320 4255 1515 4320 vacacionis

408 4360 558 4425 eiusdem
600 4357 751 4422 cantarie
793 4356 925 4420 notorie
966 4362 1191 4439 spectantem,
1234 4378 1313 4421 cum
1354 4358 1514 4424 omnibus

408 4465 575 4528 fructibus
598 4461 788 4527 redditibus
811 4467 844 4524 et
868 4461 1093 4543 prouentibus
1116 4460 1160 4525 ad
1182 4461 1372 4544 predictam
1395 4469 1514 4528 canta-

407 4570 492 4633 riam
521 4566 782 4653 pertinentibus‚
812 4564 937 4628 dilecto
966 4565 1065 4629 nobis
1093 4565 1127 4629 in
1156 4586 1225 4650 xpo
1253 4566 1335 4630 d'no
1364 4567 1513 4632 Will’mo

408 4672 544 4747 Bedale,
563 4670 756 4754 Capellan0,
775 4668 983 4732 contulimus
1001 4668 1130 4733 intuitu
1148 4669 1312 4745 caritatis,
1331 4670 1513 4756 ipsumque

406 4777 502 4842 d'nm
517 4774 644 4839 Will'm
659 4776 694 4838 in
708 4773 918 4857 corporalem
933 4773 1180 4856 possessionem
1195 4774 1346 4838 eiusdem
1360 4775 1513 4839 cantarie
