3950 5625
698 745 792 805 Acrs
816 756 861 805 or
884 728 1065 805 cuman.
1375 753 1438 818 251

329 920 530 1004 Capitulum
557 918 646 983 infra
674 918 784 982 dictos
809 919 932 1002 viginti
957 919 1030 982 dies
1058 918 1218 982 Cantarie
1246 917 1442 981 huiusmodi
1473 915 1628 1029 flllpthss

330 1023 516 1108 Capellano
531 1022 676 1107 'ydoneo
700 1044 769 1086 non
794 1023 978 1087 contulerit
1004 1030 1044 1087 vt
1069 1023 1201 1087 dictum
1226 1028 1289 1097 est,
1315 1027 1444 1086 extunc
1482 994 1639 1111 {lisind'tiii

331 1127 484 1192 eiusdem
511 1127 670 1192 Cantarie
695 1126 836 1191 collacio
862 1127 906 1191 ad
931 1128 1162 1192 venerabilem
1188 1133 1322 1210 patrem
1347 1126 1443 1189 d'nm
1456 1114 1658 1229 ggg’ffintigssto

331 1232 528 1316 Archiep'm
551 1232 654 1295 Ebor.
678 1231 738 1315 qui
758 1251 819 1314 pro
839 1237 993 1315 tempore
1018 1233 1084 1313 (86)
1110 1231 1213 1295 tuerit
1232 1230 1311 1294 sede
1331 1230 1442 1313 plena,
1456 1219 1514 1296 'the
1527 1195 1649 1322 cniiter

331 1342 367 1400 et
397 1357 438 1400 ea
467 1342 615 1400 vacante
645 1334 690 1399 ad
721 1334 889 1400 decanum
920 1342 955 1400 et
985 1335 1184 1419 Capitulum
1215 1335 1305 1399 Eccl.
1339 1334 1441 1398 Ebor.
1486 1316 1516 1363 ⁰¹
1530 1314 1631 1377 R¹P⁰¹¹'

333 1446 405 1515 aut,
430 1440 503 1524 ipso
528 1441 667 1503 Decano
687 1440 839 1515 absente,
858 1440 902 1504 ad
918 1440 1051 1504 dictum
1068 1439 1266 1523 Capitulum
1290 1438 1347 1502 illa
1369 1439 1443 1502 vice
1469 1406 1644 1536 ᾎἿῖῗιζζιξξῗ,

332 1545 437 1609 libere
468 1543 684 1619 deuoluatur‚
709 1544 814 1609 Salua
839 1544 942 1608 michi
967 1551 1002 1608 et
1027 1544 1209 1609 heredibus
1234 1544 1318 1607 meis
1343 1544 1445 1626 plena
1492 1540 1521 1588 of
1536 1539 1622 1588 York.

333 1654 506 1733 potestate
545 1647 589 1713 ad
626 1647 756 1712 dictam
794 1648 1008 1727 Cantariam
1032 1648 1115 1713 alias
1151 1670 1231 1713 cum
1268 1648 1444 1712 vacauerit

334 1753 557 1838 Capellanum
581 1752 756 1836 ydoneum
782 1753 1013 1836 presentandi.
1074 1754 1196 1818 Dictus
1220 1773 1302 1816 vero
1327 1753 1444 1836 Capel-
1488 1745 1631 1860 ffiffi‘l'lf

335 1858 434 1922 lanus
447 1863 481 1921 et
493 1878 702 1921 successores
715 1857 767 1920 sui
780 1857 987 1941 quicumque
1001 1858 1061 1942 qui
1076 1878 1137 1941 pro
1151 1864 1305 1941 tempore
1317 1857 1445 1921 fuerint
1547 1826 1566 1874 p
1626 1849 1632 1860 ’

336 1984 397 2046 pro
418 1962 546 2026 salubri
567 1968 663 2026 statu
685 1963 750 2025 mei
772 1961 885 2044 Joh'is
906 1961 948 2025 de
970 1961 1166 2026 Clotherom
1187 1968 1222 2025 et
1243 1962 1354 2025 salute
1376 1962 1447 2026 ani-

336 2087 470 2131 marum
491 2066 671 2130 Tessancie
692 2072 726 2129 et
747 2065 853 2129 Alicie
874 2087 1022 2130 vxorum
1042 2086 1208 2142 mearum,
1230 2066 1301 2129 d'ni
1323 2066 1448 2150 Rogeri

337 2171 512 2255 quondam
538 2171 646 2254 patris
671 2171 748 2245 mei,
775 2176 810 2234 et
835 2170 914 2234 d'ne
941 2170 1101 2254 Johanne
1126 2170 1303 2254 quondam
1328 2170 1449 2233 matris

336 2281 421 2351 me'e,
447 2282 482 2339 et
507 2275 661 2339 omnium
687 2275 871 2338 liberorum
896 2281 931 2338 et
956 2275 1120 2339 heredum
1140 2294 1304 2348 meorum,
1325 2274 1448 2358 Rogeri

339 2380 380 2444 de
403 2380 598 2443 Clotherom
619 2385 653 2443 et
675 2377 819 2443 aliorum
840 2379 987 2442 fratrum
1009 2385 1044 2443 et
1060 2399 1225 2452 sororum,
1243 2384 1278 2442 et
1295 2378 1448 2442 omnium

339 2489 592 2549 antecessorum
633 2503 798 2557 meorum,
837 2505 877 2547 ac
913 2484 1022 2547 eciam
1062 2503 1124 2567 pro
1165 2503 1212 2546 sa.
1256 2482 1449 2546 animarum

337 2587 481 2652 Galfridi
496 2587 636 2671 Pygott,
652 2586 753 2669 Joh’e
767 2593 802 2650 et
818 2587 999 2651 Elizabeth
1013 2607 1161 2651 vxorum
1175 2607 1325 2661 suarum,
1341 2586 1449 2670 patris

336 2691 387 2756 sui
405 2697 441 2755 et
459 2691 580 2755 matris
597 2712 668 2765 sue,
688 2691 846 2765 fratrum,
866 2712 1033 2766 sororum,
1053 2698 1088 2755 et
1106 2690 1291 2755 liberorum
1308 2711 1449 2754 suorum

337 2795 513 2879 Ranulphi
545 2801 580 2859 et
612 2794 733 2878 Joh'is,
762 2801 797 2859 et
825 2795 980 2860 omnium
1011 2802 1266 2860 antecessorum
1297 2815 1447 2869 suorum,

336 2922 469 2965 necnon
494 2920 555 2983 pro
579 2899 708 2964 salubri
732 2906 828 2964 statu
852 2900 1014 2964 Willelmi
1038 2901 1080 2964 de
1105 2900 1320 2984 Meryngton,
1346 2899 1449 2963 Will'i

337 3004 378 3069 de
407 3004 607 3088 Slengesby,
638 3003 738 3086 Joh'e
767 3004 883 3068 vxoris
912 3025 983 3080 sue,
1014 3005 1125 3088 Joh'is
1154 3005 1284 3087 Bayne‚
1315 3011 1349 3068 et
1378 3004 1450 3067 d'ni

337 3108 477 3173 Will'mi
504 3107 546 3172 de
573 3107 771 3191 Plumpton,
800 3108 985 3192 Capellani,
1014 3116 1049 3173 et
1076 3110 1269 3174 animarum
1295 3108 1450 3173 omnium

337 3212 570 3297 predictorum
589 3233 668 3276 cum
688 3212 732 3275 ab
752 3212 816 3276 hac
835 3212 909 3276 luce
929 3213 1164 3297 migrauerint,
1185 3220 1219 3276 et
1238 3233 1300 3296 pro
1320 3212 1450 3276 anima-

340 3318 404 3382 bus
420 3316 574 3381 omnium
597 3322 791 3400 parentum,
811 3317 1011 3393 amicorum,
1035 3324 1070 3382 et
1094 3317 1353 3382 benefactorum
1376 3337 1450 3401 pre·

338 3422 521 3496 dictorum,
553 3427 588 3484 et
618 3420 800 3484 animabus
829 3422 984 3486 omnium
1014 3422 1166 3486 fidelium
1196 3421 1448 3497 defunctorum,

339 3526 562 3609 omniumque
594 3524 724 3588 dictam
756 3524 954 3590 Cantariam
985 3527 1289 3591 manutenencium
1320 3525 1376 3589 vel
1406 3525 1450 3590 ad

339 3630 641 3714 supportacionem
661 3629 813 3693 eiusdem
833 3630 888 3693 vel
908 3630 1017 3695 diuini
1037 3632 1151 3696 cultus
1171 3637 1396 3715 augmentum
1416 3631 1450 3694 in

338 3734 458 3799 eadem
471 3734 514 3797 de
527 3733 625 3797 bonis
638 3733 702 3797 sibi
717 3755 738 3797 a
751 3735 824 3798 Deo
837 3734 971 3799 collatis
984 3736 1170 3819 quicquam
1183 3735 1449 3800 conferencium1

339 3840 402 3903 sub
421 3839 487 3902 hac
505 3838 616 3902 torma
634 3838 891 3921 imperpetuum
910 3839 1133 3903 celebrabunt
1149 3860 1155 3914 ;

425 3994 610 4071 Videlicet,
639 3991 780 4077 singulis
811 3992 931 4057 diebus
954 3993 1133 4065 dominicis
1155 3995 1198 4058 de
1220 3994 1285 4070 die,
1308 3994 1449 4079 singulis
1510 4019 1616 4081 Special

338 4119 420 4163 vero
436 4098 557 4163 diebus
573 4096 710 4161 sabbati
727 4096 769 4159 de
786 4098 959 4162 Domina²
974 4104 1079 4182 prout
1095 4099 1269 4183 exigencia
1285 4099 1449 4183 temporis
1463 4084 1619 4199 Meffifa's‘ssss
1636 4085 1658 4133 ir

339 4202 374 4265 id
399 4203 582 4287 permittit,
608 4199 749 4285 singulis
774 4207 891 4265 autem
917 4201 993 4285 alijs
1018 4202 1138 4267 diebus
1163 4202 1207 4267 ad
1231 4203 1449 4268 voluntatem
1612 4188 1619 4201 ⁶

339 4307 406 4371 mei
425 4313 459 4370 et
478 4306 644 4370 heredum
663 4324 828 4380 meorum,
848 4312 883 4370 et
902 4306 965 4370 hoc
985 4306 1113 4370 facient
1131 4327 1349 4391 quacumque
1367 4308 1452 4371 hora

340 4410 406 4474 diei
428 4410 639 4494 competenti
661 4428 731 4491 qua
753 4429 794 4471 ex
816 4417 915 4494 parte
938 4431 1016 4475 mea
1036 4409 1091 4473 'vel
1113 4410 1276 4475 heredum
1297 4431 1452 4475 meorum

341 4514 468 4578 luerint
488 4533 636 4598 congrue
658 4512 823 4594 requisiti,
846 4514 896 4577 ita
918 4519 1035 4578 tamen
1057 4514 1151 4597 quod
1171 4514 1312 4598 singulis
1333 4514 1453 4578 diebus

416 4670 422 4691 ¹
442 4666 498 4714 MS.
514 4666 563 4713 has
579 4672 593 4687 ‘⁴
604 4666 819 4715 conlerencius.''

411 4756 475 4804 2Οί
501 4757 559 4805 Our
584 4756 674 4818 Lady,
701 4762 732 4806 to
751 4758 843 4806 whom
864 4754 1005 4818 Saturday
1025 4769 1081 4802 was
1100 4754 1247 4817 especially
1266 4756 1453 4804 consecrated.

341 4834 395 4885 For
409 4836 456 4885 the
470 4850 574 4884 masses
590 4835 658 4882 “De
673 4836 821 4894 Domina,”
837 4847 881 4883 see
896 4834 973 4883 York
986 4832 1082 4883 Missal
1097 4831 1231 4895 (Surtees)
1252 4835 1289 4893 ΙΙ,
1308 4837 1435 4898 160-163.
