3950 5625
706 714 800 781 Acrs
824 728 869 777 or
892 710 1071 778 enarrari.
1381 729 1440 792 131

331 911 414 955 cum
455 892 528 955 Deo
567 892 756 975 poterimus
795 910 1006 976 promouere.
1054 891 1142 955 Sane
1181 912 1260 956 cum
1300 891 1441 975 quidam
1515 893 1600 941 Galfr.

332 993 509 1060 Galiridus
536 994 664 1060 Larder
686 996 767 1060 olim
795 994 986 1060 Canonicus
1014 996 1151 1059 ecclesie
1177 1001 1293 1060 nostre
1317 995 1439 1079 Colleg.
1499 960 1619 1074 {ssr‘ffi't

332 1099 381 1162 b’i
409 1099 556 1163 Wiliridi
585 1099 708 1183 Ripon'
737 1100 913 1184 quandam
941 1100 1139 1164 Cantariam
1167 1107 1370 1184 perpetuam
1397 1099 1441 1163 ad
1492 1094 1616 1142 ¹⁰¹¹ffl¹⁰s=

334 1202 443 1266 altare
469 1202 586 1268 Sancti
612 1201 748 1267 Andree
775 1203 809 1267 in
836 1203 929 1268 dicta
955 1204 1095 1268 ecclesia
1121 1206 1186 1269 sub
1212 1211 1305 1269 certa
1332 1205 1442 1268 forma

335 1306 532 1371 fundauerit
552 1313 587 1371 et
607 1307 718 1371 eidem
738 1307 897 1371 Cantarie
917 1314 1028 1373 certos
1049 1315 1157 1373 terras
1177 1315 1211 1373 et
1232 1309 1387 1373 redditus
1407 1309 1441 1372 in

334 1410 423 1474 villis
451 1410 493 1475 de
522 1411 733 1495 Wynkeslay
761 1417 795 1475 et
825 1411 949 1495 Ripon’
979 1412 1112 1476 dederit
1141 1419 1176 1477 et
1204 1413 1440 1497 assignauerit,

335 1521 437 1598 prout
468 1515 503 1579 in
535 1521 631 1579 carta
662 1515 741 1579 inde
772 1516 929 1580 conlecta
959 1516 1093 1600 plenius
1123 1517 1330 1592 continetur,
1362 1519 1441 1581 sub-

335 1625 516 1703 sequenter
532 1619 736 1684 venerabilis
753 1620 807 1682 vir
823 1626 857 1684 et
875 1620 1021 1685 dilectus
1038 1621 1073 1685 in
1090 1642 1159 1705 xpo
1176 1621 1265 1685 lilius
1282 1621 1441 1686 dominus
1476 1613 1576 1727 &affl
1591 1614 1625 1688 ‘¹9

289 1714 292 1719 ’
335 1723 449 1788 Dauid
483 1724 526 1788 de
560 1724 707 1789 Wollore
742 1723 933 1789 Canonicus
967 1726 1105 1789 ecclesie
1139 1732 1255 1789 nostre
1289 1726 1440 1810 predicte
1466 1694 1647 1809 audmdbiildg

335 1827 476 1911 prouide
501 1827 685 1892 attendens
709 1828 803 1912 quod
829 1828 982 1894 redditus
1008 1837 1042 1893 et
1068 1837 1256 1914 prouentus
1281 1830 1440 1895 Cantarie
1462 1895 1495 1927 en
1498 1813 1588 1927 doffi
1591 1894 1605 1927 e
1606 1884 1639 1928 nt

336 1933 486 2016 predicte
511 1933 571 2017 qui
597 1933 828 2018 quadraginta
853 1934 979 1998 solidos
1005 1955 1220 2019 perannum
1246 1935 1441 2000 nullatenus
1642 1920 1648 1936 ’

337 2038 548 2102 excedebant
570 2038 614 2102 ad
635 2058 821 2122 congruam
842 2040 1133 2104 sustentacionem
1154 2040 1255 2105 vnius
1276 2041 1442 2123 capellani

337 2141 454 2206 diuina
466 2143 501 2206 in
514 2143 634 2207 eadem
647 2142 850 2207 celebraturi
862 2150 897 2208 et
910 2143 954 2208 ad
967 2165 1071 2209 onera
1083 2144 1193 2208 eidem
1206 2145 1443 2209 incumbencia

338 2246 453 2311 debite
479 2247 717 2331 supportanda
743 2247 895 2311 sufficere
926 2269 996 2312 non
1027 2255 1191 2333 poterunt
1219 2249 1285 2333 hijs
1311 2249 1442 2323 diebus,

339 2352 500 2436 quodque
534 2351 627 2416 dicta
658 2352 820 2416 Cantaria
849 2357 990 2436 propter
1019 2353 1191 2416 notoriam
1221 2353 1373 2437 inopiam
1404 2374 1444 2417 ac

337 2455 614 2521 insufficienciam
658 2463 890 2540 prouentuum
933 2457 1085 2522 eiusdem
1129 2458 1227 2521 stetit
1272 2478 1332 2540 per
1374 2479 1443 2522 non

337 2560 470 2624 modica
505 2566 661 2645 tempora
699 2561 797 2644 quasi
831 2582 942 2626 vacua
977 2568 1011 2626 et
1046 2561 1211 2636 desolata,
1248 2582 1288 2625 ac
1323 2561 1443 2646 officijs

337 2664 460 2730 diuinis
477 2665 615 2748 penitus
631 2666 811 2740 destituta,
825 2672 859 2730 et
877 2671 1059 2750 propterea
1071 2665 1126 2748 pie
1143 2665 1310 2729 affectans
1327 2666 1442 2729 huius-

336 2770 427 2834 modi
449 2770 596 2835 exilitati
616 2771 698 2835 noui
718 2771 935 2855 apposicione
956 2769 1094 2854 remedij
1118 2789 1292 2834 occurrere
1312 2770 1442 2836 intuitu

336 2876 499 2951 caritatis
528 2875 573 2940 ad
603 2876 741 2940 laudem
772 2876 834 2939 Dei
867 2881 901 2939 et
932 2874 985 2938 sui
1012 2874 1126 2938 cultus
1149 2880 1374 2958 augmentum
1402 2896 1442 2939 ac

336 2980 534 3045 animarum
551 2980 709 3056 salutem,
734 2986 828 3044 certa
851 2978 1016 3053 redditus
1042 2984 1160 3052 terras
1186 2984 1220 3042 et
1245 2984 1442 3045 tenementa

336 3084 477 3149 invilla
504 3084 617 3168 Ripon
643 3084 802 3148 Cantarie
827 3083 979 3167 predicte
1005 3083 1047 3146 de
1072 3082 1212 3146 licencia
1237 3082 1309 3147 d'ni
1334 3084 1442 3148 nostri

337 3186 460 3271 Regis1
482 3195 516 3253 et
533 3195 675 3253 nostra²
696 3209 735 3252 ac
751 3188 905 3253 omnium
922 3188 1066 3253 aliorum
1083 3207 1229 3271 quorum
1246 3188 1386 3252 interest
1408 3189 1442 3252 in

336 3292 398 3357 hac
418 3299 517 3377 parte
537 3292 736 3377 adquisiuit,
759 3298 793 3355 et
814 3312 854 3356 ea
874 3292 955 3356 d'no
975 3292 1127 3374 Johanni
1148 3290 1238 3356 Clint
1259 3292 1442 3375 Capellano

336 3396 494 3461 Cantarie
509 3397 661 3481 predicte
677 3402 711 3460 et
726 3397 975 3461 successoribus
991 3396 1063 3477 suis
1076 3394 1267 3478 Capellanis
1283 3395 1442 3460 Cantarie

335 3501 486 3585 predicte
510 3501 629 3566 diuina
652 3501 687 3565 in
712 3500 851 3565 ecclesia
878 3506 997 3564 nostra
1023 3500 1085 3586 (57)
1114 3499 1238 3582 Ripon'
1265 3499 1309 3563 ad
1334 3499 1442 3564 altare

335 3606 527 3690 predictum
565 3626 627 3690 pro
664 3605 816 3689 personis
853 3610 887 3668 et
925 3604 1107 3669 animabus
1144 3604 1370 3688 infrascriptis
1406 3605 1442 3670 in

335 3711 444 3775 forma
468 3731 536 3795 que
559 3710 714 3794 sequitur
737 3709 991 3793 imperpetuum
1015 3708 1246 3783 celebraturis,
1272 3708 1307 3772 in
1331 3709 1441 3773 vberi-

335 3835 426 3879 orem
472 3813 764 3879 sustentacionem
810 3812 996 3877 eorundem
1041 3817 1220 3895 gratanter
1264 3810 1360 3875 dedit
1406 3819 1441 3877 et

335 3918 500 3983 concessit
519 3923 553 3981 et
571 3937 631 4001 per
648 3937 746 3980 suam
764 3922 896 3980 cartam
914 3916 1018 3980 libere
1036 3914 1264 3989 confirmauit,
1284 3921 1387 3998 prout
1405 3916 1441 3981 in

336 4028 430 4086 carta
452 4020 649 4085 huiusmodi
671 4020 804 4104 plenius
827 4020 1033 4095 continetur,
1058 4025 1093 4083 et
1116 4039 1218 4102 super
1240 4019 1304 4082 hoc
1327 4011 1440 4084 dictus
1493 4022 1547 4069 ano
1561 4021 1612 4070 has

336 4126 410 4191 d'ns
440 4124 556 4190 Dauid
586 4124 684 4189 nobis
713 4124 889 4190 humiliter
918 4123 1126 4208 supplicauit
1156 4129 1207 4198 vt,
1239 4123 1313 4186 visa
1343 4130 1440 4188 carta
1472 4088 1635 4203 Sssgffssttiff

336 4230 488 4313 predicta
527 4236 562 4293 et
602 4228 676 4293 aliis
715 4229 749 4293 in
789 4229 853 4292 hac
893 4234 992 4312 parte
1031 4226 1202 4311 requisitis
1218 4292 1225 4302 ,
1241 4226 1440 4292 Cantariam
1465 4220 1612 4335 arcbfbiddo

337 4335 524 4417 predictam
540 4339 574 4397 et
590 4332 843 4397 ordinacionem
858 4331 938 4395 inde
953 4332 1083 4396 factam
1098 4329 1306 4394 auctoritate
1321 4337 1440 4395 nostra
1613 4302 1640 4351 p.

337 4439 505 4503 ordinaria
518 4436 718 4501 confirmare
732 4442 766 4499 et
780 4434 948 4499 ratificare
962 4434 1088 4498 nostris
1101 4432 1207 4496 literis
1220 4453 1416 4499 curaremus
1431 4456 1438 4511 ;

337 4540 437 4608 Cuius
465 4541 605 4626 quidem
633 4546 726 4603 carte
754 4538 838 4603 dicti
866 4537 938 4600 d'ni
966 4535 1082 4601 Dauid
1110 4542 1210 4600 tenor
1236 4556 1297 4619 per
1324 4539 1440 4602 omnia

338 4647 414 4712 talis
431 4653 483 4711 est
500 4667 506 4711 :

339 4757 379 4764 κ

406 4801 413 4823 ¹
432 4796 517 4844 Mem.
533 4793 632 4857 Ripon,
647 4791 707 4838 Vol.
723 4790 745 4846 Ι,
763 4791 819 4837 161.
893 4789 903 4810 ²
921 4783 1006 4833 Mem.
1021 4786 1120 4849 Πέρση,
1136 4782 1196 4831 Vol.
1211 4783 1249 4840 11,
1267 4798 1324 4847 127.
