3950 5625
406 676 449 741 68
698 676 777 740 Tun
802 677 958 741 lucnar
981 677 1229 742 Manuscmrr.

405 858 460 920 vie
475 877 544 941 que
559 856 658 921 vadit
674 877 794 920 versus
811 856 960 920 molend.
974 857 1051 920 del1
1069 857 1163 931 Este,
1178 862 1213 920 et
1226 856 1406 940 protendit
1418 878 1526 941 super

405 982 556 1046 mesuag.
584 961 657 1025 Ric.
681 960 795 1043 Scayi,
818 960 929 1024 eidem
951 960 1040 1025 Galf.
1067 966 1102 1024 et
1127 961 1197 1024 suis
1224 961 1362 1045 assign,
1387 967 1460 1026 ten.
1488 969 1524 1026 et

406 1066 485 1130 hab.
511 1065 554 1129 de
578 1085 633 1128 me
657 1073 692 1128 et
716 1066 786 1128 her.
812 1086 858 1128 m.
884 1066 919 1128 in
944 1065 1045 1128 feodo
1066 1072 1101 1128 et
1126 1065 1329 1140 hereditate,
1354 1065 1462 1129 libere
1488 1074 1524 1131 et

405 1170 522 1254 quiete
539 1171 574 1233 in
592 1190 699 1252 perp,
718 1169 893 1233 reddendo
910 1169 989 1233 inde
1007 1170 1111 1233 michi
1128 1175 1163 1232 et
1180 1169 1250 1232 her.
1270 1190 1316 1233 m.
1336 1171 1524 1235 annuatim

405 1295 514 1339 vnum
537 1294 601 1357 par
624 1274 780 1338 albarum
804 1275 1030 1338 cirotecamm
1054 1273 1099 1338 ad
1123 1273 1256 1338 Pascha
1279 1293 1342 1356 pro
1366 1275 1463 1338 omni
1488 1295 1524 1339 re

406 1386 442 1442 et
469 1399 556 1442 seru.
587 1386 622 1441 et
650 1378 832 1442 demanda.
880 1378 926 1441 Et
955 1399 1018 1462 ego
1046 1378 1140 1461 pred.
1171 1378 1277 1461 Marg.
1307 1383 1343 1440 et
1372 1378 1444 1442 her.
1476 1400 1522 1444 rn.

406 1483 708 1548 warantizabimus
731 1483 826 1565 pred.
851 1482 945 1546 redd.
971 1502 1124 1565 prenom.
1157 1481 1313 1546 Galtrido
1343 1487 1380 1545 et
1412 1483 1522 1548 eiusd.

406 1588 530 1671 assign.
554 1594 675 1651 contra
698 1607 817 1650 omnes
838 1587 873 1650 in
895 1588 1056 1651 omnibus
1077 1588 1112 1650 in
1135 1607 1229 1669 perp.
1277 1586 1332 1650 Ad
1353 1588 1523 1652 maiorem

406 1700 523 1757 autem
557 1692 659 1755 huius
692 1692 739 1754 rei
772 1691 994 1755 securitatem
1027 1697 1221 1774 presentem
1254 1698 1388 1755 cartam
1422 1693 1524 1776 sigilli

407 1795 625 1879 apposicione
649 1796 819 1859 roboraui.
868 1795 912 1858 H.
939 1802 964 1859 t.
995 1797 1044 1877 (31
1066 1797 1111 1877 v.)
1140 1795 1270 1859 Rob'to
1301 1795 1344 1858 de
1377 1796 1523 1861 Berford

406 1906 491 1964 tunc
516 1899 644 1964 balliuo
670 1899 712 1963 de
739 1899 877 1982 Ripon’,
904 1899 1060 1963 Galfrido
1086 1898 1224 1973 Cleric0,
1253 1898 1377 1962 Nich'o
1402 1901 1521 1976 Ward,

406 2004 536 2068 Rob'to
574 2003 617 2067 de
656 2004 854 2078 Monketon,
896 2004 981 2088 Rog’
1025 2003 1067 2067 de
1107 2002 1318 2087 M'kingfeld,
1355 2004 1443 2088 Rog.
1480 2005 1522 2069 de

405 2108 578 2193 Nunwyk,
601 2108 682 2172 Her’
704 2108 747 2172 de
771 2109 975 2192 M'kington,
1001 2107 1090 2170 Gilb.
1116 2107 1159 2170 de
1184 2108 1371 2182 Mortimer,
1395 2109 1521 2192 Joh’ne

405 2212 538 2288 Russel‚
572 2213 748 2296 Thorph’o
778 2213 946 2296 pelliper,2
977 2211 1084 2276 Galtr.
1117 2211 1159 2274 de
1190 2210 1327 2296 filling,
1361 2212 1436 2276 Ric'
1471 2215 1519 2278 in-

404 2318 610 2395 breuiatore,
631 2325 666 2382 et
685 2317 804 2382 multis
823 2317 907 2382 aliis.

804 2484 870 2568 (97)
897 2485 953 2548 DE
978 2500 1117 2547 rouen.

491 2615 593 2680 Omn.
624 2616 716 2679 hom.
748 2614 792 2679 ad
817 2635 904 2698 quos
931 2634 982 2698 pr.
1012 2634 1073 2677 scr.
1104 2614 1309 2696 pemenerit,
1340 2614 1444 2699 Hugo
1473 2615 1516 2680 fil.

404 2720 516 2803 Joh'is
534 2720 576 2784 de
596 2720 742 2796 Lanum,
762 2739 810 2783 sa.
836 2719 870 2782 in
895 2719 996 2783 D'no.
1045 2717 1220 2781 Noueritis
1238 2738 1293 2782 me
1312 2739 1374 2802 pro
1393 2741 1441 2785 sa.
1463 2741 1515 2784 an.

403 2846 448 2890 m.
474 2831 508 2889 et
531 2845 594 2909 pro
617 2825 799 2891 animabus
822 2824 1049 2908 predecessor,
1068 2830 1102 2886 et
1126 2844 1269 2889 success.
1294 2846 1339 2888 rn.
1365 2846 1460 2890 conc,
1485 2831 1517 2889 et

403 2931 446 2995 de
468 2950 522 2994 me
544 2937 579 2994 et
601 2930 671 2995 her.
696 2951 740 2995 m.
764 2930 834 3014 qui.
859 2930 921 2993 cla.
946 2930 980 2993 in
1003 2949 1097 3012 perp.
1116 2934 1150 2991 et
1172 2948 1223 3010 pr.
1242 2950 1304 2993 scr.
1323 2929 1413 2993 conf.
1437 2930 1518 2994 d'no

405 3035 543 3120 Hugoni
570 3034 754 3118 Capeliano
780 3041 814 3098 et
840 3054 929 3098 succ.
957 3054 982 3097 s.
1011 3032 1092 3115 Cap.
1120 3032 1239 3096 diuina
1264 3033 1517 3099 celebrantibus

405 3139 450 3204 ad
472 3140 579 3204 altare
602 3139 668 3204 S'ci
689 3139 796 3203 Andr,
820 3139 911 3222 Ap'li
933 3139 967 3201 in
990 3137 1069 3201 eccl.
1094 3136 1159 3201 S'ci
1181 3136 1290 3201 Wiltr‚
1314 3138 1356 3201 de
1380 3138 1516 3222 Ripon’,

405 3244 477 3327 vjd.
510 3244 665 3308 redditus
696 3263 756 3327 per
787 3264 866 3307 ann.
899 3263 986 3327 quos
1017 3242 1111 3326 pred.
1145 3242 1222 3305 d’ns
1254 3242 1357 3327 Hugo
1387 3244 1517 3308 soluere

405 3348 538 3413 solebat
558 3348 798 3433 prenominato
817 3348 911 3431 Joh'i
930 3347 1022 3430 patri
1041 3367 1118 3410 meo
1137 3367 1199 3429 pro
1219 3353 1311 3411 terra
1329 3367 1392 3411 sua
1411 3368 1517 3431 quarn

405 3452 511 3517 habet
545 3472 647 3535 super
680 3451 823 3536 Speltre,
858 3458 892 3515 et
926 3458 1041 3516 totum
1075 3451 1127 3515 ius
1160 3457 1194 3515 et
1228 3451 1389 3515 clamium
1423 3452 1517 3536 quod

405 3577 559 3640 unquam
582 3557 616 3621 in
639 3556 733 3640 pred.
758 3563 849 3621 terra
871 3556 976 3620 habui
999 3556 1054 3619 vel
1077 3556 1192 3639 aliquo
1214 3562 1369 3639 ternpore
1391 3556 1516 3621 habere

406 3661 520 3746 potui,
542 3662 591 3726 ita
611 3660 681 3726 scil.
704 3661 798 3742 quod
819 3681 881 3725 nec
902 3681 964 3743 ego
985 3660 1089 3742 Hugo
1110 3681 1171 3723 nec
1193 3660 1316 3743 aliquis
1336 3661 1450 3727 hered.
1472 3682 1515 3725 rn.

405 3766 441 3831 in
465 3766 559 3849 pred.
582 3772 674 3830 terra
695 3786 759 3829 nec
782 3766 816 3829 in
834 3765 974 3829 redditu
991 3765 1191 3849 supradicto
1212 3766 1342 3849 aliquid
1363 3765 1445 3830 iuris
1466 3765 1519 3829 vel

406 3870 517 3936 clamii
548 3871 590 3935 de
618 3877 732 3935 cetero
761 3871 893 3954 exigere
923 3870 978 3933 vel
1006 3870 1188 3934 vendicare
1216 3870 1415 3954 poterimus.
1464 3871 1516 3934 Ita

406 3980 523 4040 tamen
550 3975 644 4059 quod
672 3974 763 4038 idern
790 3975 867 4039 d'ns
898 3974 1001 4059 Hugo
1027 3980 1062 4038 et
1089 3995 1207 4038 omnes
1233 3976 1285 4038 sui
1312 3995 1519 4039 successores

406 4079 579 4164 Capellani
607 4079 745 4144 soluant
773 4080 905 4144 dictum
932 4078 1108 4143 redditum
1135 4080 1316 4143 annuatim
1343 4078 1449 4144 Galfr.
1478 4080 1518 4144 de

407 4184 551 4267 Hewyk,
570 4184 651 4248 d’no
668 4184 758 4248 illius
776 4184 877 4258 leodi,
897 4190 930 4247 et
949 4185 1019 4247 her.
1037 4204 1077 4258 s,
1096 4184 1131 4247 in
1153 4205 1246 4267 perp.
1296 4185 1336 4248 In
1357 4185 1453 4249 cuius
1474 4184 1517 4248 rei

407 4294 485 4353 test.
518 4288 596 4352 huic
625 4309 687 4353 scr.
719 4309 807 4372 pres.
839 4289 898 4373 sig.
930 4309 975 4352 rn.
1007 4289 1162 4371 apposui.
1212 4289 1255 4351 H.
1287 4294 1325 4363 t.,
1356 4287 1445 4353 Gilb.
1477 4289 1518 4352 de

408 4392 594 4467 Mortimer,
627 4392 751 4475 Joh'ne
782 4393 824 4457 de
855 4393 971 4467 Ebor,
1005 4392 1093 4456 Rob.
1126 4392 1168 4456 de
1200 4391 1355 4475 Spenser‚
1388 4392 1518 4456 Thoma

408 4495 573 4571 testitero,
615 4497 717 4561 Walt'
758 4498 801 4561 de
841 4496 1050 4571 Roderham
1090 4496 1204 4561 Will'o
1243 4496 1369 4571 Grime,
1409 4497 1518 4561 Alano

408 4600 583 4685 balyman.
605 4602 710 4667 Henr.
731 4601 773 4665 de
793 4601 995 4685 Curtelegio,
1016 4607 1050 4664 et
1070 4602 1188 4665 multis
1207 4601 1291 4665 aliis.

538 4729 549 4733 Δ.
565 4728 671 4735 —.-..
740 4728 805 4735 ,-.-.-

480 4780 487 4803 ¹
507 4775 563 4825 MS.
578 4774 628 4825 has
644 4783 658 4798 “
669 4776 734 4828 dil.'¹
810 4783 819 4803 '³
839 4777 894 4826 ltlS.
909 4776 959 4827 has
974 4783 989 4799 ‘¹
1000 4777 1144 4842 pollipor.''
