<?xml version="1.0" encoding="UTF-8"?>
<!DOCTYPE html PUBLIC "-//W3C//DTD XHTML 1.0 Transitional//EN"
    "http://www.w3.org/TR/xhtml1/DTD/xhtml1-transitional.dtd">
<html xmlns="http://www.w3.org/1999/xhtml" xml:lang="en" lang="en">
 <head>
  <title>
</title>
<meta http-equiv="Content-Type" content="text/html;charset=utf-8" />
  <meta name='ocr-system' content='tesseract 3.04.00' />
  <meta name='ocr-capabilities' content='ocr_page ocr_carea ocr_par ocr_line ocrx_word'/>
</head>
<body>
  <div class='ocr_page' id='page_1' title='image "./memorialschurch00fowlgoog_0150.png"; bbox 0 0 3950 5625; ppageno 0'>
   <div class='ocr_carea' id='block_1_1' title="bbox 421 664 1233 729">
    <p class='ocr_par' dir='ltr' id='par_1_1' title="bbox 421 664 1233 729">
     <span class='ocr_line' id='line_1_1' title="bbox 421 664 1233 729; baseline 0.001 -1"><span class='ocrx_word' id='word_1_1' title='bbox 421 682 481 729; x_wconf 84' lang='lat'>112</span> <span class='ocrx_word' id='word_1_2' title='bbox 702 664 780 729; x_wconf 79' lang='lat' dir='ltr'>Tun</span> <span class='ocrx_word' id='word_1_3' title='bbox 806 666 961 729; x_wconf 79' lang='lat' dir='ltr'>Iucrruu</span> <span class='ocrx_word' id='word_1_4' title='bbox 986 665 1233 729; x_wconf 74' lang='lat' dir='ltr'>llnuuscnrpr.</span> 
     </span>
    </p>
   </div>
   <div class='ocr_carea' id='block_1_2' title="bbox 418 843 1532 2182">
    <p class='ocr_par' dir='ltr' id='par_1_2' title="bbox 418 843 1532 2182">
     <span class='ocr_line' id='line_1_2' title="bbox 418 843 1529 929; baseline 0.001 -23"><span class='ocrx_word' id='word_1_5' title='bbox 418 845 490 908; x_wconf 89' lang='lat' dir='ltr'>iure</span> <span class='ocrx_word' id='word_1_6' title='bbox 509 844 764 929; x_wconf 88' lang='lat' dir='ltr'>cuiuscumque,</span> <span class='ocrx_word' id='word_1_7' title='bbox 786 845 890 909; x_wconf 88' lang='lat' dir='ltr'>saluis</span> <span class='ocrx_word' id='word_1_8' title='bbox 910 845 1018 909; x_wconf 88' lang='lat' dir='ltr'>eciam</span> <span class='ocrx_word' id='word_1_9' title='bbox 1038 844 1137 908; x_wconf 91' lang='lat' dir='ltr'>nobis</span> <span class='ocrx_word' id='word_1_10' title='bbox 1156 850 1190 907; x_wconf 90' lang='lat' dir='ltr'>et</span> <span class='ocrx_word' id='word_1_11' title='bbox 1211 843 1290 908; x_wconf 90' lang='lat' dir='ltr'>eccl.</span> <span class='ocrx_word' id='word_1_12' title='bbox 1313 844 1354 907; x_wconf 91' lang='lat' dir='ltr'>de</span> <span class='ocrx_word' id='word_1_13' title='bbox 1376 843 1529 926; x_wconf 84' lang='lat' dir='ltr'>Rypon&#39;.</span> 
     </span>
     <span class='ocr_line' id='line_1_3' title="bbox 418 948 1532 1033; baseline 0 -21"><span class='ocrx_word' id='word_1_14' title='bbox 418 949 680 1032; x_wconf 87' lang='lat' dir='ltr'>excepcionibus</span> <span class='ocrx_word' id='word_1_15' title='bbox 702 955 735 1012; x_wconf 90' lang='lat' dir='ltr'>et</span> <span class='ocrx_word' id='word_1_16' title='bbox 758 950 1014 1014; x_wconf 80' lang='lat' dir='ltr'>defensionibus</span> <span class='ocrx_word' id='word_1_17' title='bbox 1036 950 1195 1012; x_wconf 88' lang='lat' dir='ltr'>omnibus</span> <span class='ocrx_word' id='word_1_18' title='bbox 1216 954 1250 1012; x_wconf 90' lang='lat' dir='ltr'>et</span> <span class='ocrx_word' id='word_1_19' title='bbox 1273 948 1414 1033; x_wconf 90' lang='lat' dir='ltr'>singulis</span> <span class='ocrx_word' id='word_1_20' title='bbox 1436 969 1532 1012; x_wconf 92' lang='lat' dir='ltr'>com-</span> 
     </span>
     <span class='ocr_line' id='line_1_4' title="bbox 419 1053 1531 1138; baseline -0.001 -21"><span class='ocrx_word' id='word_1_21' title='bbox 419 1053 616 1137; x_wconf 86' lang='lat' dir='ltr'>petentibus</span> <span class='ocrx_word' id='word_1_22' title='bbox 643 1059 678 1117; x_wconf 92' lang='lat' dir='ltr'>et</span> <span class='ocrx_word' id='word_1_23' title='bbox 706 1054 943 1138; x_wconf 83' lang='lat' dir='ltr'>competituris</span> <span class='ocrx_word' id='word_1_24' title='bbox 971 1059 1045 1118; x_wconf 91' lang='lat' dir='ltr'>tam</span> <span class='ocrx_word' id='word_1_25' title='bbox 1072 1059 1192 1117; x_wconf 83' lang='lat' dir='ltr'>contra</span> <span class='ocrx_word' id='word_1_26' title='bbox 1220 1073 1400 1136; x_wconf 84' lang='lat' dir='ltr'>personam</span> <span class='ocrx_word' id='word_1_27' title='bbox 1429 1058 1531 1116; x_wconf 93' lang='lat' dir='ltr'>tuam</span> 
     </span>
     <span class='ocr_line' id='line_1_5' title="bbox 418 1157 1531 1243; baseline -0.002 -21"><span class='ocrx_word' id='word_1_28' title='bbox 418 1179 524 1243; x_wconf 91' lang='lat' dir='ltr'>quam</span> <span class='ocrx_word' id='word_1_29' title='bbox 544 1158 694 1243; x_wconf 84' lang='lat' dir='ltr'>graciam</span> <span class='ocrx_word' id='word_1_30' title='bbox 715 1165 750 1222; x_wconf 85' lang='lat' dir='ltr'>et</span> <span class='ocrx_word' id='word_1_31' title='bbox 771 1159 1011 1222; x_wconf 88' lang='lat' dir='ltr'>execucionem</span> <span class='ocrx_word' id='word_1_32' title='bbox 1032 1157 1266 1222; x_wconf 90' lang='lat' dir='ltr'>omnimodam</span> <span class='ocrx_word' id='word_1_33' title='bbox 1288 1157 1322 1221; x_wconf 93' lang='lat' dir='ltr'>in</span> <span class='ocrx_word' id='word_1_34' title='bbox 1344 1158 1408 1220; x_wconf 88' lang='lat' dir='ltr'>bac</span> <span class='ocrx_word' id='word_1_35' title='bbox 1429 1163 1531 1240; x_wconf 87' lang='lat' dir='ltr'>parte</span> 
     </span>
     <span class='ocr_line' id='line_1_6' title="bbox 419 1262 1530 1347; baseline -0.001 -21"><span class='ocrx_word' id='word_1_36' title='bbox 419 1263 575 1327; x_wconf 82' lang='lat' dir='ltr'>habitam</span> <span class='ocrx_word' id='word_1_37' title='bbox 594 1269 628 1326; x_wconf 90' lang='lat' dir='ltr'>et</span> <span class='ocrx_word' id='word_1_38' title='bbox 648 1263 854 1338; x_wconf 87' lang='lat' dir='ltr'>habendam,</span> <span class='ocrx_word' id='word_1_39' title='bbox 875 1269 978 1347; x_wconf 88' lang='lat' dir='ltr'>teque</span> <span class='ocrx_word' id='word_1_40' title='bbox 998 1263 1032 1327; x_wconf 90' lang='lat' dir='ltr'>in</span> <span class='ocrx_word' id='word_1_41' title='bbox 1051 1262 1297 1346; x_wconf 89' lang='lat' dir='ltr'>possessionem</span> <span class='ocrx_word' id='word_1_42' title='bbox 1317 1262 1530 1345; x_wconf 86' lang='lat' dir='ltr'>corporalem</span> 
     </span>
     <span class='ocr_line' id='line_1_7' title="bbox 419 1365 1528 1451; baseline -0.003 -20"><span class='ocrx_word' id='word_1_43' title='bbox 419 1368 570 1432; x_wconf 93' lang='lat' dir='ltr'>eiusdem</span> <span class='ocrx_word' id='word_1_44' title='bbox 611 1368 781 1451; x_wconf 90' lang='lat' dir='ltr'>prebende</span> <span class='ocrx_word' id='word_1_45' title='bbox 822 1389 900 1432; x_wconf 92' lang='lat' dir='ltr'>cum</span> <span class='ocrx_word' id='word_1_46' title='bbox 940 1368 1010 1431; x_wconf 92' lang='lat' dir='ltr'>suis</span> <span class='ocrx_word' id='word_1_47' title='bbox 1050 1367 1180 1432; x_wconf 91' lang='lat' dir='ltr'>iuribus</span> <span class='ocrx_word' id='word_1_48' title='bbox 1220 1372 1254 1430; x_wconf 90' lang='lat' dir='ltr'>et</span> <span class='ocrx_word' id='word_1_49' title='bbox 1295 1365 1528 1450; x_wconf 86' lang='lat' dir='ltr'>pertinencijs,</span> 
     </span>
     <span class='ocr_line' id='line_1_8' title="bbox 418 1470 1529 1556; baseline -0.002 -20"><span class='ocrx_word' id='word_1_50' title='bbox 418 1478 590 1556; x_wconf 89' lang='lat' dir='ltr'>quatenus</span> <span class='ocrx_word' id='word_1_51' title='bbox 616 1472 660 1536; x_wconf 94' lang='lat' dir='ltr'>ad</span> <span class='ocrx_word' id='word_1_52' title='bbox 686 1493 748 1536; x_wconf 90' lang='lat' dir='ltr'>nos</span> <span class='ocrx_word' id='word_1_53' title='bbox 773 1473 922 1555; x_wconf 85' lang='lat' dir='ltr'>pertinet</span> <span class='ocrx_word' id='word_1_54' title='bbox 949 1478 982 1535; x_wconf 90' lang='lat' dir='ltr'>et</span> <span class='ocrx_word' id='word_1_55' title='bbox 1010 1472 1051 1535; x_wconf 93' lang='lat' dir='ltr'>de</span> <span class='ocrx_word' id='word_1_56' title='bbox 1077 1472 1149 1535; x_wconf 91' lang='lat' dir='ltr'>iure</span> <span class='ocrx_word' id='word_1_57' title='bbox 1175 1476 1340 1546; x_wconf 89' lang='lat' dir='ltr'>artamur,</span> <span class='ocrx_word' id='word_1_58' title='bbox 1367 1476 1402 1534; x_wconf 93' lang='lat' dir='ltr'>et</span> <span class='ocrx_word' id='word_1_59' title='bbox 1428 1470 1529 1534; x_wconf 94' lang='lat' dir='ltr'>indu-</span> 
     </span>
     <span class='ocr_line' id='line_1_9' title="bbox 418 1575 1529 1658; baseline -0.001 -19"><span class='ocrx_word' id='word_1_60' title='bbox 418 1577 537 1651; x_wconf 71' lang='lat' dir='ltr'>cimus</span> <span class='ocrx_word' id='word_1_61' title='bbox 575 1576 715 1641; x_wconf 90' lang='lat' dir='ltr'>stallum</span> <span class='ocrx_word' id='word_1_62' title='bbox 752 1577 787 1640; x_wconf 92' lang='lat' dir='ltr'>in</span> <span class='ocrx_word' id='word_1_63' title='bbox 824 1577 927 1640; x_wconf 91' lang='lat' dir='ltr'>choro</span> <span class='ocrx_word' id='word_1_64' title='bbox 965 1582 999 1640; x_wconf 92' lang='lat' dir='ltr'>et</span> <span class='ocrx_word' id='word_1_65' title='bbox 1036 1576 1149 1640; x_wconf 93' lang='lat' dir='ltr'>locum</span> <span class='ocrx_word' id='word_1_66' title='bbox 1187 1576 1221 1639; x_wconf 91' lang='lat' dir='ltr'>in</span> <span class='ocrx_word' id='word_1_67' title='bbox 1258 1575 1411 1658; x_wconf 87' lang='lat' dir='ltr'>capitulo</span> <span class='ocrx_word' id='word_1_68' title='bbox 1448 1596 1529 1639; x_wconf 90' lang='lat' dir='ltr'>cum</span> 
     </span>
     <span class='ocr_line' id='line_1_10' title="bbox 419 1680 1530 1764; baseline -0.001 -21"><span class='ocrx_word' id='word_1_69' title='bbox 419 1680 631 1764; x_wconf 91' lang='lat' dir='ltr'>plenitudine</span> <span class='ocrx_word' id='word_1_70' title='bbox 667 1681 748 1745; x_wconf 89' lang='lat' dir='ltr'>iuris</span> <span class='ocrx_word' id='word_1_71' title='bbox 783 1681 938 1745; x_wconf 90' lang='lat' dir='ltr'>canonici</span> <span class='ocrx_word' id='word_1_72' title='bbox 974 1681 1126 1745; x_wconf 90' lang='lat' dir='ltr'>eiusdem</span> <span class='ocrx_word' id='word_1_73' title='bbox 1162 1680 1299 1744; x_wconf 86' lang='lat' dir='ltr'>ecclesie</span> <span class='ocrx_word' id='word_1_74' title='bbox 1335 1680 1398 1743; x_wconf 91' lang='lat' dir='ltr'>tibi</span> <span class='ocrx_word' id='word_1_75' title='bbox 1435 1699 1530 1743; x_wconf 93' lang='lat' dir='ltr'>more</span> 
     </span>
     <span class='ocr_line' id='line_1_11' title="bbox 419 1784 1529 1869; baseline -0.001 -21"><span class='ocrx_word' id='word_1_76' title='bbox 419 1785 536 1849; x_wconf 91' lang='lat' dir='ltr'>debito</span> <span class='ocrx_word' id='word_1_77' title='bbox 567 1786 789 1869; x_wconf 84' lang='lat' dir='ltr'>assignamus.</span> <span class='ocrx_word' id='word_1_78' title='bbox 838 1786 878 1849; x_wconf 93' lang='lat' dir='ltr'>In</span> <span class='ocrx_word' id='word_1_79' title='bbox 909 1786 1005 1850; x_wconf 93' lang='lat' dir='ltr'>cuius</span> <span class='ocrx_word' id='word_1_80' title='bbox 1035 1786 1082 1849; x_wconf 92' lang='lat' dir='ltr'>rei</span> <span class='ocrx_word' id='word_1_81' title='bbox 1113 1785 1350 1849; x_wconf 91' lang='lat' dir='ltr'>testimonium</span> <span class='ocrx_word' id='word_1_82' title='bbox 1380 1784 1529 1869; x_wconf 90' lang='lat' dir='ltr'>sigillum</span> 
     </span>
     <span class='ocr_line' id='line_1_12' title="bbox 419 1888 1529 1974; baseline -0.001 -21"><span class='ocrx_word' id='word_1_83' title='bbox 419 1896 575 1954; x_wconf 88' lang='lat' dir='ltr'>nostrum</span> <span class='ocrx_word' id='word_1_84' title='bbox 618 1891 834 1974; x_wconf 89' lang='lat' dir='ltr'>presentibus</span> <span class='ocrx_word' id='word_1_85' title='bbox 877 1897 928 1954; x_wconf 89' lang='lat' dir='ltr'>est</span> <span class='ocrx_word' id='word_1_86' title='bbox 971 1911 1173 1974; x_wconf 88' lang='lat' dir='ltr'>appensum.</span> <span class='ocrx_word' id='word_1_87' title='bbox 1222 1890 1302 1953; x_wconf 91' lang='lat' dir='ltr'>Dat.</span> <span class='ocrx_word' id='word_1_88' title='bbox 1347 1889 1382 1952; x_wconf 92' lang='lat' dir='ltr'>in</span> <span class='ocrx_word' id='word_1_89' title='bbox 1426 1888 1529 1952; x_wconf 94' lang='lat' dir='ltr'>domo</span> 
     </span>
     <span class='ocr_line' id='line_1_13' title="bbox 419 1993 1529 2078; baseline -0.002 -21"><span class='ocrx_word' id='word_1_90' title='bbox 419 2000 537 2057; x_wconf 85' lang='lat' dir='ltr'>nostra</span> <span class='ocrx_word' id='word_1_91' title='bbox 558 1994 757 2078; x_wconf 83' lang='lat' dir='ltr'>Capitulari,</span> <span class='ocrx_word' id='word_1_92' title='bbox 780 2007 819 2058; x_wconf 91' lang='lat' dir='ltr'>v⁰</span> <span class='ocrx_word' id='word_1_93' title='bbox 839 1994 893 2057; x_wconf 94' lang='lat' dir='ltr'>die</span> <span class='ocrx_word' id='word_1_94' title='bbox 914 1995 1040 2058; x_wconf 89' lang='lat' dir='ltr'>mensis</span> <span class='ocrx_word' id='word_1_95' title='bbox 1062 1995 1159 2058; x_wconf 86' lang='lat' dir='ltr'>Febr.</span> <span class='ocrx_word' id='word_1_96' title='bbox 1183 1995 1284 2057; x_wconf 89' lang='lat' dir='ltr'>Anno</span> <span class='ocrx_word' id='word_1_97' title='bbox 1306 1993 1386 2057; x_wconf 90' lang='lat' dir='ltr'>D’ni</span> <span class='ocrx_word' id='word_1_98' title='bbox 1409 1993 1529 2056; x_wconf 88' lang='lat' dir='ltr'>Mill&#39;io</span> 
     </span>
     <span class='ocr_line' id='line_1_14' title="bbox 418 2099 761 2182; baseline -0.003 -17"><span class='ocrx_word' id='word_1_99' title='bbox 418 2111 518 2165; x_wconf 72' lang='lat' dir='ltr'>cccm⁰</span> <span class='ocrx_word' id='word_1_100' title='bbox 535 2099 761 2182; x_wconf 87' lang='lat' dir='ltr'>Octogesimo</span> 
     </span>
    </p>
   </div>
   <div class='ocr_carea' id='block_1_3' title="bbox 421 2288 1316 2377">
    <p class='ocr_par' dir='ltr' id='par_1_3' title="bbox 421 2288 1316 2377">
     <span class='ocr_line' id='line_1_15' title="bbox 421 2288 1316 2377; baseline -0.011 -15"><span class='ocrx_word' id='word_1_101' title='bbox 421 2309 470 2377; x_wconf 85' lang='lat'>51.</span> <span class='ocrx_word' id='word_1_102' title='bbox 643 2289 729 2372; x_wconf 90' lang='lat'>(177)</span> <span class='ocrx_word' id='word_1_103' title='bbox 758 2290 924 2370; x_wconf 77' lang='lat' dir='ltr'>(AuovAL</span> <span class='ocrx_word' id='word_1_104' title='bbox 948 2306 1044 2353; x_wconf 81' lang='lat' dir='ltr'>rnou</span> <span class='ocrx_word' id='word_1_105' title='bbox 1070 2306 1092 2352; x_wconf 79' lang='lat' dir='ltr'>A</span> <span class='ocrx_word' id='word_1_106' title='bbox 1115 2288 1316 2367; x_wconf 67' lang='lat' dir='ltr'>Cunurnv).</span> 
     </span>
    </p>
   </div>
   <div class='ocr_carea' id='block_1_4' title="bbox 261 2455 1529 3587">
    <p class='ocr_par' dir='ltr' id='par_1_4' title="bbox 261 2455 1529 3587">
     <span class='ocr_line' id='line_1_16' title="bbox 271 2455 1529 2540; baseline 0.002 -25"><span class='ocrx_word' id='word_1_107' title='bbox 271 2469 346 2528; x_wconf 85' lang='lat'>1381,</span> <span class='ocrx_word' id='word_1_108' title='bbox 509 2456 712 2531; x_wconf 84' lang='lat' dir='ltr'>Alexander,</span> <span class='ocrx_word' id='word_1_109' title='bbox 730 2456 949 2539; x_wconf 90' lang='lat' dir='ltr'>permissione</span> <span class='ocrx_word' id='word_1_110' title='bbox 967 2457 1125 2540; x_wconf 83' lang='lat' dir='ltr'>(diuina)¹</span> <span class='ocrx_word' id='word_1_111' title='bbox 1140 2456 1217 2520; x_wconf 92' lang='lat' dir='ltr'>d&#39;ns</span> <span class='ocrx_word' id='word_1_112' title='bbox 1232 2457 1335 2520; x_wconf 88' lang='lat' dir='ltr'>Ebor.</span> <span class='ocrx_word' id='word_1_113' title='bbox 1352 2455 1529 2539; x_wconf 83' lang='lat' dir='ltr'>Archiep’s</span> 
     </span>
     <span class='ocr_line' id='line_1_17' title="bbox 261 2539 1528 2673; baseline -0.002 -48"><span class='ocrx_word' id='word_1_114' title='bbox 261 2539 318 2673; x_wconf 55' lang='lat' dir='ltr'>ppt.</span> <span class='ocrx_word' id='word_1_115' title='bbox 335 2548 375 2672; x_wconf 35' lang='lat'>²5</span> <span class='ocrx_word' id='word_1_116' title='bbox 421 2561 541 2646; x_wconf 83' lang='lat' dir='ltr'>Anglie</span> <span class='ocrx_word' id='word_1_117' title='bbox 570 2561 702 2624; x_wconf 88' lang='lat' dir='ltr'>Primas</span> <span class='ocrx_word' id='word_1_118' title='bbox 729 2567 764 2624; x_wconf 91' lang='lat' dir='ltr'>et</span> <span class='ocrx_word' id='word_1_119' title='bbox 792 2560 978 2644; x_wconf 88' lang='lat' dir='ltr'>apostolice</span> <span class='ocrx_word' id='word_1_120' title='bbox 1007 2561 1089 2624; x_wconf 91' lang='lat' dir='ltr'>sidis</span> <span class='ocrx_word' id='word_1_121' title='bbox 1115 2561 1259 2645; x_wconf 74' lang='lat' dir='ltr'>legatus</span> <span class='ocrx_word' id='word_1_122' title='bbox 1288 2560 1421 2625; x_wconf 87' lang='lat' dir='ltr'>dilectis</span> <span class='ocrx_word' id='word_1_123' title='bbox 1449 2559 1528 2643; x_wconf 87' lang='lat' dir='ltr'>filijs</span> 
     </span>
     <span class='ocr_line' id='line_1_18' title="bbox 261 2641 1526 2750; baseline 0.004 -27"><span class='ocrx_word' id='word_1_124' title='bbox 261 2641 369 2741; x_wconf 44' lang='lat' dir='ltr'>&amp;finis</span> <span class='ocrx_word' id='word_1_125' title='bbox 421 2666 579 2750; x_wconf 88' lang='lat' dir='ltr'>Capitulo</span> <span class='ocrx_word' id='word_1_126' title='bbox 605 2666 683 2729; x_wconf 89' lang='lat' dir='ltr'>eccl.</span> <span class='ocrx_word' id='word_1_127' title='bbox 711 2671 826 2729; x_wconf 90' lang='lat' dir='ltr'>nostre</span> <span class='ocrx_word' id='word_1_128' title='bbox 853 2665 975 2750; x_wconf 86' lang='lat' dir='ltr'>Colleg.</span> <span class='ocrx_word' id='word_1_129' title='bbox 1005 2665 1154 2749; x_wconf 87' lang='lat' dir='ltr'>Rypon’,</span> <span class='ocrx_word' id='word_1_130' title='bbox 1181 2666 1339 2740; x_wconf 85' lang='lat' dir='ltr'>salutem,</span> <span class='ocrx_word' id='word_1_131' title='bbox 1365 2665 1526 2749; x_wconf 86' lang='lat' dir='ltr'>graciam,</span> 
     </span>
     <span class='ocr_line' id='line_1_19' title="bbox 420 2769 1528 2855; baseline -0.002 -20"><span class='ocrx_word' id='word_1_132' title='bbox 420 2777 453 2835; x_wconf 89' lang='lat' dir='ltr'>et</span> <span class='ocrx_word' id='word_1_133' title='bbox 480 2770 765 2835; x_wconf 89' lang='lat' dir='ltr'>benediccionem.</span> <span class='ocrx_word' id='word_1_134' title='bbox 814 2770 988 2835; x_wconf 88' lang='lat' dir='ltr'>Noueritis</span> <span class='ocrx_word' id='word_1_135' title='bbox 1014 2770 1108 2855; x_wconf 88' lang='lat' dir='ltr'>quod</span> <span class='ocrx_word' id='word_1_136' title='bbox 1133 2790 1195 2834; x_wconf 90' lang='lat' dir='ltr'>nos</span> <span class='ocrx_word' id='word_1_137' title='bbox 1221 2770 1406 2855; x_wconf 92' lang='lat' dir='ltr'>quemdam</span> <span class='ocrx_word' id='word_1_138' title='bbox 1433 2769 1528 2833; x_wconf 91' lang='lat' dir='ltr'>d&#39;nm</span> 
     </span>
     <span class='ocr_line' id='line_1_20' title="bbox 420 2875 1527 2960; baseline -0.002 -20"><span class='ocrx_word' id='word_1_139' title='bbox 420 2876 556 2958; x_wconf 89' lang='lat' dir='ltr'>Joh’em</span> <span class='ocrx_word' id='word_1_140' title='bbox 594 2876 635 2939; x_wconf 93' lang='lat' dir='ltr'>de</span> <span class='ocrx_word' id='word_1_141' title='bbox 671 2875 931 2960; x_wconf 82' lang='lat' dir='ltr'>Alhaloghgate,</span> <span class='ocrx_word' id='word_1_142' title='bbox 969 2876 1196 2959; x_wconf 87' lang='lat' dir='ltr'>capellanum,</span> <span class='ocrx_word' id='word_1_143' title='bbox 1234 2876 1426 2939; x_wconf 85' lang='lat' dir='ltr'>cantariam</span> <span class='ocrx_word' id='word_1_144' title='bbox 1462 2875 1527 2939; x_wconf 86' lang='lat' dir='ltr'>S’ci</span> 
     </span>
     <span class='ocr_line' id='line_1_21' title="bbox 420 2980 1526 3064; baseline 0 -21"><span class='ocrx_word' id='word_1_145' title='bbox 420 2980 530 3062; x_wconf 87' lang='lat' dir='ltr'>Joh’is</span> <span class='ocrx_word' id='word_1_146' title='bbox 544 2981 676 3064; x_wconf 85' lang='lat' dir='ltr'>Euang.</span> <span class='ocrx_word' id='word_1_147' title='bbox 691 2980 726 3043; x_wconf 91' lang='lat' dir='ltr'>in</span> <span class='ocrx_word' id='word_1_148' title='bbox 739 2980 855 3044; x_wconf 86' lang='lat' dir='ltr'>eccl&#39;ia</span> <span class='ocrx_word' id='word_1_149' title='bbox 868 2986 986 3044; x_wconf 86' lang='lat' dir='ltr'>nostra</span> <span class='ocrx_word' id='word_1_150' title='bbox 1000 2980 1155 3063; x_wconf 90' lang='lat' dir='ltr'>predicta</span> <span class='ocrx_word' id='word_1_151' title='bbox 1167 3001 1276 3064; x_wconf 90' lang='lat' dir='ltr'>nuper</span> <span class='ocrx_word' id='word_1_152' title='bbox 1289 2986 1526 3064; x_wconf 88' lang='lat' dir='ltr'>occupantem,</span> 
     </span>
     <span class='ocr_line' id='line_1_22' title="bbox 420 3084 1527 3169; baseline 0 -22"><span class='ocrx_word' id='word_1_153' title='bbox 420 3085 555 3148; x_wconf 86' lang='lat' dir='ltr'>iusticia</span> <span class='ocrx_word' id='word_1_154' title='bbox 579 3084 763 3159; x_wconf 89' lang='lat' dir='ltr'>mediante,</span> <span class='ocrx_word' id='word_1_155' title='bbox 790 3085 951 3148; x_wconf 88' lang='lat' dir='ltr'>canonice</span> <span class='ocrx_word' id='word_1_156' title='bbox 976 3090 1011 3148; x_wconf 92' lang='lat' dir='ltr'>et</span> <span class='ocrx_word' id='word_1_157' title='bbox 1035 3085 1185 3169; x_wconf 89' lang='lat' dir='ltr'>legitime</span> <span class='ocrx_word' id='word_1_158' title='bbox 1210 3084 1460 3149; x_wconf 88' lang='lat' dir='ltr'>declarauimus</span> <span class='ocrx_word' id='word_1_159' title='bbox 1484 3084 1527 3151; x_wconf 87' lang='lat' dir='ltr'>ad</span> 
     </span>
     <span class='ocr_line' id='line_1_23' title="bbox 420 3188 1528 3273; baseline -0.002 -20"><span class='ocrx_word' id='word_1_160' title='bbox 420 3190 563 3253; x_wconf 91' lang='lat' dir='ltr'>eandem</span> <span class='ocrx_word' id='word_1_161' title='bbox 581 3189 722 3253; x_wconf 85' lang='lat' dir='ltr'>titulum</span> <span class='ocrx_word' id='word_1_162' title='bbox 739 3209 807 3252; x_wconf 91' lang='lat' dir='ltr'>non</span> <span class='ocrx_word' id='word_1_163' title='bbox 826 3189 962 3264; x_wconf 91' lang='lat' dir='ltr'>habere,</span> <span class='ocrx_word' id='word_1_164' title='bbox 981 3210 1021 3253; x_wconf 89' lang='lat' dir='ltr'>ac</span> <span class='ocrx_word' id='word_1_165' title='bbox 1038 3190 1150 3273; x_wconf 91' lang='lat' dir='ltr'>ipsum</span> <span class='ocrx_word' id='word_1_166' title='bbox 1168 3189 1330 3253; x_wconf 89' lang='lat' dir='ltr'>canonice</span> <span class='ocrx_word' id='word_1_167' title='bbox 1346 3190 1390 3252; x_wconf 91' lang='lat' dir='ltr'>ab</span> <span class='ocrx_word' id='word_1_168' title='bbox 1408 3188 1528 3252; x_wconf 89' lang='lat' dir='ltr'>eadem</span> 
     </span>
     <span class='ocr_line' id='line_1_24' title="bbox 421 3292 1526 3377; baseline -0.002 -19"><span class='ocrx_word' id='word_1_169' title='bbox 421 3295 613 3358; x_wconf 90' lang='lat' dir='ltr'>amouimus</span> <span class='ocrx_word' id='word_1_170' title='bbox 639 3313 699 3377; x_wconf 92' lang='lat' dir='ltr'>per</span> <span class='ocrx_word' id='word_1_171' title='bbox 725 3293 911 3369; x_wconf 86' lang='lat' dir='ltr'>decretum,</span> <span class='ocrx_word' id='word_1_172' title='bbox 940 3299 1043 3377; x_wconf 92' lang='lat' dir='ltr'>prout</span> <span class='ocrx_word' id='word_1_173' title='bbox 1070 3293 1104 3357; x_wconf 91' lang='lat' dir='ltr'>in</span> <span class='ocrx_word' id='word_1_174' title='bbox 1131 3314 1290 3377; x_wconf 90' lang='lat' dir='ltr'>processu</span> <span class='ocrx_word' id='word_1_175' title='bbox 1317 3292 1396 3357; x_wconf 90' lang='lat' dir='ltr'>inde</span> <span class='ocrx_word' id='word_1_176' title='bbox 1423 3293 1526 3367; x_wconf 84' lang='lat' dir='ltr'>lactu,</span> 
     </span>
     <span class='ocr_line' id='line_1_25' title="bbox 420 3398 1526 3482; baseline -0.002 -19"><span class='ocrx_word' id='word_1_177' title='bbox 420 3399 519 3463; x_wconf 88' lang='lat' dir='ltr'>vobis</span> <span class='ocrx_word' id='word_1_178' title='bbox 551 3405 586 3462; x_wconf 85' lang='lat' dir='ltr'>et</span> <span class='ocrx_word' id='word_1_179' title='bbox 618 3398 891 3482; x_wconf 92' lang='lat' dir='ltr'>quibuscumque</span> <span class='ocrx_word' id='word_1_180' title='bbox 924 3398 998 3462; x_wconf 89' lang='lat' dir='ltr'>aliis</span> <span class='ocrx_word' id='word_1_181' title='bbox 1041 3418 1336 3482; x_wconf 91' lang='lat' dir='ltr'>quorumcumque</span> <span class='ocrx_word' id='word_1_182' title='bbox 1375 3398 1526 3470; x_wconf 89' lang='lat' dir='ltr'>interest,</span> 
     </span>
     <span class='ocr_line' id='line_1_26' title="bbox 419 3502 1528 3587; baseline -0.003 -20"><span class='ocrx_word' id='word_1_183' title='bbox 419 3504 532 3587; x_wconf 88' lang='lat' dir='ltr'>ipsum</span> <span class='ocrx_word' id='word_1_184' title='bbox 563 3523 757 3587; x_wconf 88' lang='lat' dir='ltr'>processum</span> <span class='ocrx_word' id='word_1_185' title='bbox 788 3503 913 3566; x_wconf 90' lang='lat' dir='ltr'>intueri</span> <span class='ocrx_word' id='word_1_186' title='bbox 944 3503 1140 3567; x_wconf 88' lang='lat' dir='ltr'>volentibus</span> <span class='ocrx_word' id='word_1_187' title='bbox 1171 3502 1205 3567; x_wconf 89' lang='lat' dir='ltr'>in</span> <span class='ocrx_word' id='word_1_188' title='bbox 1236 3508 1364 3566; x_wconf 90' lang='lat' dir='ltr'>euentu</span> <span class='ocrx_word' id='word_1_189' title='bbox 1395 3502 1528 3586; x_wconf 91' lang='lat' dir='ltr'>plenius</span> 
     </span>
    </p>
   </div>
   <div class='ocr_carea' id='block_1_5' title="bbox 419 3606 1528 3689">
    <p class='ocr_par' dir='ltr' id='par_1_5' title="bbox 419 3606 1528 3689">
     <span class='ocr_line' id='line_1_27' title="bbox 419 3606 1528 3689; baseline 0 -19"><span class='ocrx_word' id='word_1_190' title='bbox 419 3608 556 3672; x_wconf 90' lang='lat' dir='ltr'>lucebit.</span> <span class='ocrx_word' id='word_1_191' title='bbox 604 3607 734 3671; x_wconf 87' lang='lat' dir='ltr'>Valote.</span> <span class='ocrx_word' id='word_1_192' title='bbox 783 3607 863 3671; x_wconf 85' lang='lat' dir='ltr'>Dat.</span> <span class='ocrx_word' id='word_1_193' title='bbox 905 3607 939 3670; x_wconf 91' lang='lat' dir='ltr'>in</span> <span class='ocrx_word' id='word_1_194' title='bbox 980 3608 1132 3671; x_wconf 89' lang='lat' dir='ltr'>manerio</span> <span class='ocrx_word' id='word_1_195' title='bbox 1172 3612 1290 3671; x_wconf 91' lang='lat' dir='ltr'>nostro</span> <span class='ocrx_word' id='word_1_196' title='bbox 1329 3606 1372 3670; x_wconf 89' lang='lat' dir='ltr'>de</span> <span class='ocrx_word' id='word_1_197' title='bbox 1412 3606 1528 3689; x_wconf 90' lang='lat' dir='ltr'>Thorp</span> 
     </span>
    </p>
   </div>
   <div class='ocr_carea' id='block_1_6' title="bbox 418 3815 1526 3985">
    <p class='ocr_par' dir='ltr' id='par_1_6' title="bbox 418 3815 1526 3985">
     <span class='ocr_line' id='line_1_28' title="bbox 419 3815 1526 3899; baseline -0.001 -20"><span class='ocrx_word' id='word_1_198' title='bbox 419 3816 596 3880; x_wconf 89' lang='lat' dir='ltr'>Millesimo</span> <span class='ocrx_word' id='word_1_199' title='bbox 625 3827 724 3879; x_wconf 80' lang='lat' dir='ltr'>cccmo</span> <span class='ocrx_word' id='word_1_200' title='bbox 752 3815 959 3899; x_wconf 89' lang='lat' dir='ltr'>octogesimo</span> <span class='ocrx_word' id='word_1_201' title='bbox 995 3816 1116 3899; x_wconf 91' lang='lat' dir='ltr'>primo,</span> <span class='ocrx_word' id='word_1_202' title='bbox 1146 3822 1180 3879; x_wconf 89' lang='lat' dir='ltr'>et</span> <span class='ocrx_word' id='word_1_203' title='bbox 1209 3821 1325 3879; x_wconf 90' lang='lat' dir='ltr'>nostre</span> <span class='ocrx_word' id='word_1_204' title='bbox 1353 3835 1526 3879; x_wconf 84' lang='lat' dir='ltr'>consecra·</span> 
     </span>
     <span class='ocr_line' id='line_1_29' title="bbox 418 3921 677 3985; baseline 0 -1"><span class='ocrx_word' id='word_1_205' title='bbox 418 3921 524 3985; x_wconf 89' lang='lat' dir='ltr'>cionis</span> <span class='ocrx_word' id='word_1_206' title='bbox 543 3926 677 3984; x_wconf 80' lang='lat' dir='ltr'>octauo</span> 
     </span>
    </p>
   </div>
   <div class='ocr_carea' id='block_1_7' title="bbox 422 4113 1525 4282">
    <p class='ocr_par' dir='ltr' id='par_1_7' title="bbox 422 4113 1525 4282">
     <span class='ocr_line' id='line_1_30' title="bbox 422 4113 1525 4197; baseline -0.002 -20"><span class='ocrx_word' id='word_1_207' title='bbox 422 4114 509 4197; x_wconf 82' lang='lat'>(178)</span> <span class='ocrx_word' id='word_1_208' title='bbox 540 4114 596 4177; x_wconf 76' lang='lat' dir='ltr'>DE</span> <span class='ocrx_word' id='word_1_209' title='bbox 623 4129 818 4177; x_wconf 76' lang='lat' dir='ltr'>Pnuuuqu</span> <span class='ocrx_word' id='word_1_210' title='bbox 846 4130 893 4176; x_wconf 76' lang='lat' dir='ltr'>nn</span> <span class='ocrx_word' id='word_1_211' title='bbox 921 4113 1094 4177; x_wconf 76' lang='lat' dir='ltr'>Nuuwvu</span> <span class='ocrx_word' id='word_1_212' title='bbox 1122 4131 1170 4177; x_wconf 80' lang='lat' dir='ltr'>Ex</span> <span class='ocrx_word' id='word_1_213' title='bbox 1197 4129 1312 4176; x_wconf 73' lang='lat' dir='ltr'>cnusn</span> <span class='ocrx_word' id='word_1_214' title='bbox 1341 4129 1525 4176; x_wconf 72' lang='lat' dir='ltr'>nonnum-</span> 
     </span>
     <span class='ocr_line' id='line_1_31' title="bbox 464 4235 594 4282; baseline 0.008 -1"><span class='ocrx_word' id='word_1_215' title='bbox 464 4235 594 4282; x_wconf 84' lang='lat' dir='ltr'>crours.</span> 
     </span>
    </p>
   </div>
   <div class='ocr_carea' id='block_1_8' title="bbox 420 4381 1525 4665">
    <p class='ocr_par' dir='ltr' id='par_1_8' title="bbox 420 4381 1525 4665">
     <span class='ocr_line' id='line_1_32' title="bbox 508 4381 1525 4465; baseline -0.002 -18"><span class='ocrx_word' id='word_1_216' title='bbox 508 4381 706 4465; x_wconf 84' lang='lat' dir='ltr'>Capitulum</span> <span class='ocrx_word' id='word_1_217' title='bbox 730 4382 809 4447; x_wconf 87' lang='lat' dir='ltr'>eccl.</span> <span class='ocrx_word' id='word_1_218' title='bbox 835 4382 909 4447; x_wconf 91' lang='lat' dir='ltr'>coll.</span> <span class='ocrx_word' id='word_1_219' title='bbox 936 4382 1073 4465; x_wconf 90' lang='lat' dir='ltr'>Rypon&#39;</span> <span class='ocrx_word' id='word_1_220' title='bbox 1099 4384 1201 4447; x_wconf 86' lang='lat' dir='ltr'>Ebor.</span> <span class='ocrx_word' id='word_1_221' title='bbox 1228 4383 1314 4447; x_wconf 90' lang='lat' dir='ltr'>dioc.</span> <span class='ocrx_word' id='word_1_222' title='bbox 1339 4383 1525 4446; x_wconf 89' lang='lat' dir='ltr'>venerabili</span> 
     </span>
     <span class='ocr_line' id='line_1_33' title="bbox 420 4485 1523 4570; baseline -0.002 -19"><span class='ocrx_word' id='word_1_223' title='bbox 420 4488 495 4552; x_wconf 91' lang='lat' dir='ltr'>viro</span> <span class='ocrx_word' id='word_1_224' title='bbox 518 4492 553 4550; x_wconf 93' lang='lat' dir='ltr'>et</span> <span class='ocrx_word' id='word_1_225' title='bbox 576 4485 723 4549; x_wconf 89' lang='lat' dir='ltr'>discreto</span> <span class='ocrx_word' id='word_1_226' title='bbox 747 4486 876 4570; x_wconf 86' lang='lat' dir='ltr'>Mag&#39;ro</span> <span class='ocrx_word' id='word_1_227' title='bbox 899 4486 1029 4550; x_wconf 87' lang='lat' dir='ltr'>Rob&#39;to</span> <span class='ocrx_word' id='word_1_228' title='bbox 1051 4485 1094 4549; x_wconf 93' lang='lat' dir='ltr'>de</span> <span class='ocrx_word' id='word_1_229' title='bbox 1118 4486 1279 4562; x_wconf 89' lang='lat' dir='ltr'>Manfeld,</span> <span class='ocrx_word' id='word_1_230' title='bbox 1304 4486 1467 4551; x_wconf 85' lang='lat' dir='ltr'>canonico</span> <span class='ocrx_word' id='word_1_231' title='bbox 1491 4494 1523 4549; x_wconf 83' lang='lat' dir='ltr'>et</span> 
     </span>
     <span class='ocr_line' id='line_1_34' title="bbox 422 4589 1332 4665; baseline -0.001 -9"><span class='ocrx_word' id='word_1_232' title='bbox 422 4590 586 4656; x_wconf 84' lang='lat' dir='ltr'>confratri</span> <span class='ocrx_word' id='word_1_233' title='bbox 604 4595 732 4665; x_wconf 92' lang='lat' dir='ltr'>nostro,</span> <span class='ocrx_word' id='word_1_234' title='bbox 752 4590 898 4654; x_wconf 90' lang='lat' dir='ltr'>salutem</span> <span class='ocrx_word' id='word_1_235' title='bbox 918 4591 952 4653; x_wconf 92' lang='lat' dir='ltr'>in</span> <span class='ocrx_word' id='word_1_236' title='bbox 971 4590 1125 4653; x_wconf 90' lang='lat' dir='ltr'>omnium</span> <span class='ocrx_word' id='word_1_237' title='bbox 1145 4589 1332 4655; x_wconf 88' lang='lat' dir='ltr'>Saluatore.</span> 
     </span>
    </p>
   </div>
   <div class='ocr_carea' id='block_1_9' title="bbox 494 4743 758 4797">
    <p class='ocr_par' dir='ltr' id='par_1_9' title="bbox 494 4743 758 4797">
     <span class='ocr_line' id='line_1_35' title="bbox 494 4743 758 4797; baseline -0.023 0"><span class='ocrx_word' id='word_1_238' title='bbox 494 4751 502 4774; x_wconf 85' lang='lat'><em>¹</em></span> <span class='ocrx_word' id='word_1_239' title='bbox 522 4744 647 4797; x_wconf 85' lang='lat' dir='ltr'>Omitted</span> <span class='ocrx_word' id='word_1_240' title='bbox 661 4743 688 4791; x_wconf 91' lang='lat' dir='ltr'>in</span> <span class='ocrx_word' id='word_1_241' title='bbox 702 4743 758 4791; x_wconf 87' lang='lat' dir='ltr'>MS.</span> 
     </span>
    </p>
   </div>
   <div class='ocr_carea' id='block_1_10' title="bbox 0 0 1980 5625">
    <p class='ocr_par' dir='ltr' id='par_1_10' title="bbox 0 0 1980 5625">
     <span class='ocr_line' id='line_1_36' title="bbox 0 0 1980 5625; baseline 0 0"><span class='ocrx_word' id='word_1_242' title='bbox 0 0 1980 5625; x_wconf 95' lang='lat' dir='ltr'> </span> 
     </span>
    </p>
   </div>
  </div>
 </body>
</html>
