3950 5625
774 686 867 749 Acrs
891 703 935 749 or
959 685 1138 751 Cnaprrn.
1449 702 1510 764 123

408 867 481 932 eccl.
516 866 598 931 Coll.
633 864 782 949 Rypon',
816 864 963 929 salutern
996 863 1030 928 in
1063 864 1278 948 amplexibus
1311 863 1508 928 Saluatoris.

407 971 490 1055 Quia
520 969 764 1035 canonicatum
795 975 829 1031 et
861 968 1072 1051 prebendam
1104 968 1146 1031 de
1178 968 1445 1053 Staynewygges
1476 967 1510 1031 in

404 1075 478 1140 eccl.
500 1075 583 1139 Coll.
607 1073 743 1157 Rypon'
766 1072 921 1156 predicta
941 1092 1002 1155 per
1021 1073 1288 1157 resignacionem
1309 1073 1380 1136 d’ni
1401 1072 1511 1155 Joh¹is

404 1179 441 1243 de
460 1178 663 1263 Myddelton
681 1177 795 1241 vltimi
814 1177 1030 1260 prebendarii
1043 1177 1229 1241 eorundem
1249 1177 1330 1241 d’no
1348 1177 1390 1241 dc
1404 1178 1510 1249 Deen,

404 1283 588 1368 capellano
619 1303 661 1346 ex
692 1302 796 1347 causa
826 1281 1094 1364 permutacionis
1130 1282 1221 1346 facte
1256 1303 1335 1346 cum
1371 1281 1511 1345 ecclesia

404 1387 587 1470 parochiali
615 1387 657 1450 de
687 1384 900 1466 Brandesby,
931 1385 1033 1449 Ebor.
1065 1386 1151 1450 dioc.
1181 1406 1287 1469 quarn
1316 1386 1406 1449 idem
1434 1386 1511 1450 d’ns

404 1492 518 1574 Joh’es
535 1493 630 1555 Deen
646 1491 806 1574 primitus
822 1489 984 1572 optinuit,
1002 1497 1166 1554 vacantes
1181 1498 1215 1553 et
1231 1490 1276 1553 ad
1291 1491 1511 1555 collacionem

404 1597 483 1661 dicti
506 1595 683 1661 reuerendi
706 1595 740 1658 in
763 1615 832 1678 xpo
854 1594 963 1677 patris
985 1593 1086 1676 pleno
1108 1595 1180 1658 iure
1202 1601 1410 1677 spectantes
1432 1616 1510 1659 auc-

404 1701 543 1765 toritate
577 1700 765 1764 sufficiente
796 1698 894 1762 nobis
926 1698 960 1761 in
992 1698 1057 1761 hac
1089 1706 1187 1781 parte
1219 1701 1411 1774 commissa,
1448 1700 1512 1784 ipsi

404 1804 619 1878 contulimus,
653 1810 687 1866 et
729 1803 842 1886 ipsum
883 1822 924 1864 ex
956 1823 1060 1867 causa
1093 1805 1359 1886 permutacionis
1394 1806 1445 1887 (54
1465 1808 1509 1889 v.)

404 1909 597 1974 huiusmodi
626 1929 686 1992 per
714 1908 791 1971 libri
821 1907 1046 1972 tradicionem
1076 1909 1317 1974 inuestiuimus
1345 1913 1512 1995 presenci-

405 2013 500 2077 aliter
526 2013 568 2077 de
593 2013 731 2076 eisdem.
779 2012 885 2075 Vobis
910 2011 1117 2077 mandamus
1145 2015 1309 2098 quatinus
1338 2016 1511 2099 prelatum

405 2117 497 2181 dnm
521 2117 659 2200 Joh’em
683 2117 778 2180 Deen
801 2116 855 2179 vel
878 2123 1135 2198 procuratorem
1158 2140 1258 2182 suurn
1282 2119 1353 2183 eius
1375 2121 1513 2184 nomine

405 2243 443 2285 ex
467 2242 572 2286 causa
595 2220 863 2304 permutacionis
886 2219 1039 2303 predicte
1062 2223 1096 2286 in
1120 2223 1330 2307 corporalem
1355 2225 1513 2306 possessi-

406 2347 503 2391 onem
536 2326 707 2391 dictorum
740 2326 963 2390 canonicatus
996 2331 1031 2389 et
1060 2328 1231 2409 prebende
1255 2327 1427 2391 inducatis
1460 2328 1514 2391 vel

406 2431 518 2494 induci
555 2430 700 2506 faciatis
738 2451 816 2494 cum
853 2416 1012 2494 omnibus
1048 2431 1117 2494 suis
1153 2431 1283 2495 iuribus
1319 2438 1353 2494 et
1390 2433 1512 2515 pertin.

406 2535 580 2610 vniuersis,
615 2534 755 2598 stallum
788 2534 822 2598 in
856 2534 969 2608 cb0r0,
993 2534 1117 2598 ¹locum
1151 2535 1185 2598 in
1218 2536 1371 2618 capitulo
1404 2536 1514 2600 eidem

405 2640 626 2724 assignantes,
650 2645 685 2703 et
708 2639 849 2703 vlterius
871 2639 960 2702 circa
982 2658 1060 2701 eum
1084 2639 1218 2702 laciatis
1240 2647 1274 2703 et
1297 2642 1515 2723 exequamini

405 2743 437 2808 in
463 2745 529 2809 hac
556 2751 655 2829 parte
681 2744 775 2829 quod
802 2732 861 2806 est*
881 2750 1045 2807 vestrum.
1095 2742 1175 2806 Dat.
1206 2743 1342 2828 Rypon'
1372 2744 1429 2829 xxj
1461 2746 1514 2809 die

404 2850 528 2914 mensis
559 2850 695 2934 Aprilis,
728 2849 829 2912 Anno
862 2848 942 2911 D’ni
976 2847 1131 2912 Mill'imo
1164 2862 1263 2912 ccc¹¹¹0
1294 2851 1514 2934 nonogesimo

406 2955 564 3039 septimo

491 3095 563 3159 Nos
596 3094 701 3179 igitur
733 3095 939 3159 mandatum
973 3093 1039 3158 d'ci
1074 3093 1226 3177 Magistri
1261 3093 1363 3156 Will'i
1397 3095 1514 3158 vicarii
1538 3111 1707 3158 'testimonia

405 3200 569 3285 generalis
600 3206 703 3283 prout
735 3207 892 3263 tenemur
923 3198 1038 3262 debite
1070 3203 1288 3280 exequentes,
1321 3199 1515 3281 predictum
1529 3177 1557 3225 ⁰¹
1573 3177 1707 3225 ¹¹¹‘¹¹¹⁰l¹⁰¹

406 3304 500 3369 d'nm
534 3304 671 3387 Joh’em
704 3305 799 3368 Deen
833 3305 867 3367 in
900 3301 1111 3385 corporalem
1144 3302 1391 3384 possessionem
1424 3304 1516 3368 dicte

407 3408 577 3492 prebende
597 3408 639 3471 de
659 3409 935 3492 Staynewygges,
957 3406 1097 3469 stallum
1117 3406 1151 3469 in
1171 3407 1275 3469 choro
1294 3413 1328 3470 et
1347 3407 1461 3472 locum
1481 3408 1515 3472 in

407 3513 565 3597 Capitulo
590 3512 681 3576 dicte
705 3512 877 3595 prebende
901 3510 1020 3575 debita
1044 3516 1078 3573 et
1102 3517 1267 3575 consueta
1291 3513 1515 3598 assignantes,

407 3639 485 3682 cum
515 3617 674 3681 omnibus
704 3617 834 3681 iuribus
864 3623 898 3680 et
928 3614 1147 3699 pertinenciis
1176 3616 1245 3678 suis
1276 3617 1442 3682 vniuersis
1472 3620 1516 3683 ad

408 3722 537 3787 dictam
564 3721 774 3805 prebendam
802 3720 1065 3804 pertinentibus
1095 3719 1294 3784 induximus
1322 3722 1355 3786 in
1384 3724 1514 3789 eadem.

410 3828 449 3890 In
466 3826 562 3891 cuius
579 3825 625 3889 rei
642 3826 879 3889 testimonium
895 3824 1043 3909 sigillum
1059 3830 1216 3888 nostrum
1233 3827 1448 3907 presentibus
1464 3837 1516 3894 est

409 3950 608 4013 appensum.
657 3930 737 3993 Dat.
773 3929 807 3992 in
840 3928 943 3992 domo
976 3934 1095 3991 nostra
1127 3929 1319 4012 capitulari,
1354 3933 1516 3999 vicesimo

409 4041 507 4098 sexto
545 4033 599 4097 die
638 4033 762 4096 mensis
800 4032 936 4116 Aprilis,
976 4032 1077 4096 Anno
1116 4032 1187 4096 d’ni
1226 4034 1380 4099 Mill’imo
1418 4051 1517 4103 ccc¹¹¹0

410 4138 630 4222 nonogesimo
648 4139 805 4220 septimo

773 4304 860 4385 (195)
888 4302 1025 4366 eruua
1049 4319 1246 4369 rnrusrnrr.

499 4443 697 4528 Capitulum
714 4443 792 4506 eccl.
812 4441 886 4506 coll.
907 4441 952 4504 b'i
970 4440 1117 4505 Willridi
1136 4444 1259 4526 Ripon'
1278 4445 1403 4512 dilecto
1420 4451 1518 4515 nobis

414 4548 448 4611 in
466 4568 535 4632 xpo
552 4547 634 4611 d'no
653 4546 750 4609 Ric’o
768 4545 810 4608 de
829 4545 975 4617 Morton,
995 4543 1141 4609 salutem
1160 4547 1194 4609 in
1212 4567 1252 4609 eo
1269 4567 1329 4629 per
1345 4572 1448 4634 quem
1466 4562 1518 4619 est

414 4672 496 4715 vera
519 4651 621 4715 salus.
669 4649 720 4711 De
746 4648 814 4711 tuis
839 4647 1006 4710 fidelitate
1031 4653 1065 4709 et
1091 4649 1259 4714 industria
1283 4652 1415 4733 plenius
1440 4678 1518 4722 con-

415 4755 570 4829 fidentes,
600 4752 914 4817 administratorem
942 4748 1110 4816 bonorum
1137 4773 1205 4838 que
1233 4752 1371 4822 fuerunt
1401 4761 1520 4826 Rob'ti
