3950 5625
858 695 1089 762 CnnruEAnv.
1487 698 1529 784 67

636 873 702 958 (94)
729 873 983 941 REsmuAnou
1008 893 1054 941 or
1076 893 1100 941 A
1123 876 1310 943 Cunurnv.

504 1002 680 1067 Vniuersis
692 1003 724 1068 S.
740 1003 785 1070 M.
800 1006 839 1070 E.
854 1005 942 1081 filiis,
956 1005 1143 1071 Cutbertus
1155 1007 1198 1071 de
1211 1007 1363 1093 Leming,
1376 1008 1529 1092 Capella·

412 1126 491 1182 nuS,
520 1108 668 1173 salutem
696 1108 731 1173 in
760 1108 861 1175 D’no.
908 1109 1083 1178 Noueritis
1110 1132 1165 1175 me
1193 1132 1379 1197 resignasse
1407 1119 1526 1190 terras,

413 1215 625 1288 tenemento,
653 1219 688 1278 et
714 1214 881 1290 redditus,
909 1220 944 1279 et
971 1216 1087 1281 omnia
1113 1216 1158 1281 ad
1184 1216 1382 1282 Cantariam
1409 1218 1527 1283 altaris

413 1314 481 1379 S'ci
503 1316 640 1381 Andree
661 1318 697 1382 in
719 1318 798 1382 eccl.
823 1316 949 1402 Ripon'
972 1320 1180 1403 spectancia,
1203 1341 1270 1405 que
1292 1322 1362 1386 scil.
1388 1322 1525 1387 fuerunt

411 1426 532 1504 empta
560 1441 621 1505 per
649 1420 817 1507 Mag'rum
846 1422 979 1488 Galfrid
1007 1424 1050 1488 de
1078 1424 1192 1500 Lard’,
1222 1431 1256 1489 et
1285 1431 1407 1509 postea
1434 1426 1526 1491 dicte

411 1522 572 1590 Cantarie
617 1533 781 1610 perpetue
830 1527 963 1611 (dicti)1
1004 1529 1123 1593 altaris
1165 1549 1226 1612 per
1270 1529 1383 1613 ipsum
1429 1530 1523 1604 duta.

411 1629 598 1714 assignata,
625 1631 720 1695 etin
745 1631 882 1715 scriptis
906 1632 1119 1698 confirmata.
1169 1633 1209 1697 In
1235 1634 1332 1699 cuius
1356 1635 1403 1698 rei
1429 1636 1524 1700 testi·

411 1735 568 1798 monium
592 1736 808 1818 presentibus
831 1736 938 1800 literis
959 1737 1200 1821 resignacionis
1219 1738 1279 1822 sig.
1301 1759 1346 1802 m.
1373 1760 1432 1822 ap·
1458 1741 1539 1825 (31)¹

412 1837 522 1921 posui.
570 1838 652 1904 Dat.
685 1840 780 1923 apud
812 1839 949 1916 Bedale,
983 1841 1039 1905 die
1070 1843 1184 1906 octab.
1218 1842 1284 1906 S'ci
1317 1843 1456 1907 Martini
1488 1844 1522 1907 in

411 1942 532 2018 hieme,
552 1943 654 2007 Anno
673 1944 753 2008 D’ni
773 1944 890 2009 Mill'io
908 1959 988 2009 99Ῑῃο
1006 1946 1214 2029 octogesimo
1232 1953 1340 2011 sexto

743 2113 809 2195 (95)
836 2111 957 2176 CAnrA
982 2130 1030 2176 DE
1054 2130 1192 2179 EooEu.

496 2241 598 2306 Omn.
621 2242 654 2306 h.
676 2242 698 2305 l.
720 2241 784 2306 vis.
807 2242 862 2305 vel
883 2242 962 2308 aud.
981 2248 1054 2308 tam
1071 2263 1157 2326 pres
1176 2264 1282 2327 quam
1303 2244 1381 2320 fut,
1403 2243 1521 2310 Nich’s

413 2343 457 2410 fil.
482 2344 569 2430 Rog.
593 2345 636 2409 de
658 2346 791 2420 Hewik,
815 2346 972 2411 salutem.
1021 2347 1072 2412 Sc.
1096 2347 1190 2431 quod
1212 2348 1290 2412 dedi
1313 2355 1347 2413 et
1369 2369 1463 2414 conc.
1487 2356 1521 2414 et

414 2469 445 2532 p.
470 2469 499 2514 c.
525 2471 571 2514 m.
597 2450 686 2515 conf.
712 2449 800 2516 Rob.
826 2450 868 2514 de
892 2451 1027 2516 Lanum
1051 2472 1113 2535 pro
1136 2452 1299 2536 humagio
1322 2459 1356 2517 et
1380 2454 1523 2518 seruicio

413 2572 473 2618 suo
503 2559 573 2618 tres
602 2575 699 2620 acras
727 2555 762 2619 in
791 2575 914 2638 campo
943 2555 985 2619 de
1015 2554 1141 2640 Ripon’
1171 2556 1271 2622 iuxta
1300 2563 1378 2622 terr.
1410 2578 1522 2623 meam

411 2658 503 2740 apud
532 2657 675 2742 Speltre,
703 2680 790 2743 quas
816 2659 858 2723 de
885 2661 990 2724 bosco
1016 2660 1164 2725 sartauit
1190 2666 1225 2724 et
1251 2661 1294 2725 de
1321 2667 1419 2744 patre
1445 2683 1522 2727 meo

410 2762 534 2839 tenuit,
557 2763 604 2827 illi
625 2768 660 2828 et
681 2765 750 2829 her.
773 2784 799 2829 s.
822 2764 990 2829 tenendas
1010 2764 1053 2829 de
1074 2784 1128 2829 me
1149 2771 1183 2829 et
1204 2764 1274 2831 her.
1297 2786 1341 2831 m.
1364 2765 1399 2831 in
1421 2766 1522 2833 feodo

409 2873 441 2930 et
465 2868 671 2944 hereditate,
696 2868 730 2934 li.
757 2869 886 2952 etqui.
935 2868 1127 2934 Reddendo
1152 2870 1332 2935 annuatim
1358 2871 1460 2935 michi
1486 2879 1520 2936 et

409 2972 476 3037 her.
496 2993 541 3038 m.
560 2971 633 3057 vjd.
653 2993 698 3037 sc.
718 2972 790 3057 iijd.
810 2974 854 3039 ad
873 2973 970 3038 Pent.
991 2980 1025 3037 et
1043 2973 1115 3056 iijd.
1135 2974 1179 3038 ad
1197 2974 1219 3038 f.
1236 2974 1268 3039 S.
1288 2975 1332 3039 M.
1348 2996 1409 3058 pro
1427 2996 1518 3042 omn.

407 3096 491 3142 serv.
523 3082 558 3141 et
588 3097 702 3142 exaec.
734 3083 769 3141 et
798 3097 889 3142 cons.
938 3078 1014 3142 Hiis
1044 3084 1123 3143 test.
1155 3078 1285 3143 Rob’to
1314 3078 1359 3143 fil.
1393 3079 1518 3155 Ketell,

408 3180 593 3265 Ranulpho
618 3181 660 3245 de
686 3182 888 3258 Munketon,
915 3182 1053 3246 Simone
1079 3183 1184 3247 fratre
1210 3182 1333 3258 Nich’i,
1362 3183 1450 3249 Rad.
1477 3184 1519 3249 de

409 3284 566 3358 Nunwik.
584 3285 670 3371 Rog.
686 3286 756 3350 filio
771 3306 843 3361 suo,
860 3286 1001 3362 Rob't0,
1017 3286 1165 3362 Simone,
1181 3293 1215 3350 et
1231 3287 1336 3351 Henr.
1354 3287 1519 3354 fratribus

406 3391 484 3467 suis,
516 3390 621 3456 Walt.
655 3391 697 3455 de
727 3390 900 3474 Nunwyk,
933 3390 1120 3473 Ranulpho
1151 3391 1256 3455 fratre
1287 3391 1369 3466 eius,
1403 3391 1518 3457 Suano

406 3494 541 3559 homine
560 3494 685 3569 Nich'i,
705 3495 839 3560 Thoma
857 3495 1048 3559 forestario.

696 3697 698 3701 Α
734 3660 800 3745 (96)
828 3660 948 3725 Curru
974 3678 1022 3723 DE
1047 3677 1185 3726 EODEM.

490 3791 543 3855 Sc.
572 3810 622 3874 pr.
652 3796 687 3854 et
715 3790 779 3855 fut.
808 3790 902 3875 quod
930 3810 992 3875 ego
1020 3791 1214 3875 Margareta
1241 3790 1311 3855 filia
1339 3791 1443 3857 Henr.
1474 3792 1516 3857 de

406 3892 543 3959 Screuin
577 3895 612 3958 in
645 3895 784 3978 propria
821 3894 994 3959 viduitate
1032 3900 1067 3958 et
1105 3894 1200 3979 legea
1233 3900 1406 3977 potestate
1440 3917 1517 3961 mea

406 3998 544 4063 vendidi
569 4018 631 4082 pro
655 3998 779 4084 viginti
803 3999 919 4063 solidis
944 3999 1088 4084 argenti,
1115 4004 1149 4062 et
1174 4020 1267 4063 conc.
1295 4004 1329 4061 et
1354 4019 1387 4081 p.
1414 4020 1442 4064 c.
1468 4022 1514 4065 m.

407 4103 493 4168 conf.
523 4102 629 4168 Galfr.
658 4103 700 4167 de
727 4102 828 4168 Lard’
862 4103 1035 4168 Canonico
1065 4102 1191 4186 Ripon’
1219 4108 1253 4166 et
1281 4102 1352 4165 eius
1379 4104 1515 4186 assign„

404 4207 576 4271 redditum
594 4207 690 4272 duor.
710 4207 846 4272 solidor.
866 4208 900 4271 in
918 4207 1002 4272 villa
1018 4207 1061 4271 de
1079 4206 1204 4290 Ripon'
1223 4226 1286 4289 pro
1302 4206 1463 4291 homagio
1480 4214 1515 4271 et

404 4311 545 4376 seruicio
566 4331 639 4387 su0,
661 4332 765 4395 quem
786 4311 961 4375 redditum
983 4309 1153 4374 Henricus
1173 4315 1273 4392 pater
1293 4328 1390 4372 meus
1411 4310 1515 4374 michi

406 4414 500 4479 dedit
532 4414 567 4480 in
598 4415 705 4479 libero
736 4415 930 4500 maritagio,
963 4414 1034 4477 scil.
1068 4413 1110 4475 de
1143 4418 1234 4477 terra
1264 4432 1370 4496 quam
1401 4412 1515 4478 Adam

405 4516 509 4583 Wnrd
527 4524 623 4583 tenet
641 4519 684 4583 de
702 4539 756 4583 me
775 4519 810 4583 in
830 4518 955 4601 Ripon’
976 4536 1039 4600 pro
1057 4514 1110 4596 ijs.
1131 4515 1264 4590 annuis,
1283 4514 1353 4577 scil.
1374 4515 1512 4580 mediet.

405 4622 446 4686 ad
463 4622 560 4687 Pent.
578 4628 613 4687 et
628 4623 717 4687 med.
735 4623 780 4687 ad
795 4623 818 4687 f.
833 4622 865 4686 S.
880 4621 938 4696 M„
955 4638 1022 4703 que
1039 4622 1130 4679 terra
1145 4616 1233 4682 iacet
1249 4617 1514 4700 inlongitudine

474 4787 481 4809 ¹
502 4783 634 4832 Inserted.

1605 1024 1680 1079 1286,

1577 1089 1647 1139 Nov.
1667 1094 1704 1140 18.
