3950 5625
440 702 500 769 152
722 685 801 749 Tau
826 685 981 748 Incnssx
1006 682 1252 747 Munuscmrr.

439 867 594 941 vicarios,
622 871 661 929 vt
688 864 775 928 filios
801 863 1046 937 inobedientes,
1074 868 1305 936 contumaces,
1333 866 1369 923 et
1396 860 1545 934 rebelles,

440 969 689 1035 monicionibus
716 968 841 1032 nostris
868 965 1064 1031 huiusmodi
1090 986 1159 1029 non
1186 971 1346 1049 parentes
1373 965 1547 1028 exhabun·

441 1075 564 1139 danter
582 1079 617 1136 et
636 1072 680 1136 ad
705 1077 856 1137 vestram
880 1071 1052 1134 maliciam
1075 1069 1347 1133 convincendam
1371 1087 1549 1133 monemus

270 1190 324 1238 anu
339 1204 384 1262 gne
441 1177 651 1242 coniunctim
692 1182 726 1239 et
767 1175 906 1239 diuisim
946 1175 1057 1257 primo
1097 1173 1247 1237 secundo
1288 1180 1323 1237 et
1365 1173 1472 1237 tercio
1512 1192 1549 1235 ac

261 1256 426 1304 ¹¹¹¹⁰¹¹¹⁸¹¹⁰‘¹’
442 1281 644 1366 peremtorie
663 1287 698 1344 et
717 1281 751 1344 in
770 1280 900 1344 virtute
918 1285 1036 1343 sancte
1055 1278 1258 1353 obedientie,
1278 1279 1446 1361 quatinus
1465 1276 1550 1341 inira

442 1392 521 1451 octo
546 1385 678 1449 dierum
705 1385 869 1468 spacium,
896 1404 1044 1467 quorum
1069 1383 1155 1447 duos
1180 1404 1242 1466 pro
1267 1383 1379 1467 primo
1405 1389 1440 1446 et
1468 1382 1550 1446 duos

442 1511 504 1574 pro
518 1488 668 1553 secundo
683 1495 717 1552 et
732 1488 905 1552 residuum
921 1487 1084 1570 temporis
1099 1508 1161 1570 pro
1176 1487 1281 1550 tercio
1295 1493 1330 1550 et
1344 1486 1550 1570 peremtorio

444 1593 600 1668 termin0,
653 1592 817 1656 canonica
868 1591 1059 1655 monicione
1109 1591 1284 1674 premissa,
1337 1591 1550 1675 assignamus

442 1697 606 1782 quatinus
639 1696 727 1760 infra
760 1702 896 1779 tempus
929 1695 1166 1779 supradictum
1198 1716 1260 1778 pro
1292 1695 1551 1759 cohabitacione

445 1807 561 1865 vestra
582 1821 660 1864 cum
682 1800 782 1883 socijs
803 1800 926 1864 vestris
947 1800 981 1863 in
1003 1820 1121 1863 mensa
1142 1806 1176 1863 et
1198 1801 1231 1863 in
1253 1800 1430 1864 communi
1451 1799 1552 1864 modo

444 1913 478 1969 et
504 1906 615 1969 forma
638 1904 844 1988 supradictis
871 1904 1082 1986 prouideatis
1106 1910 1140 1967 et
1164 1903 1328 1968 ordinetis
1356 1904 1495 1968 realiter
1521 1908 1552 1966 et

443 2009 668 2094 personaliter
685 2029 763 2072 cum
782 2009 906 2071 effectu
924 2009 988 2072 sub
1013 2008 1108 2090 penis
1133 2008 1369 2091 infrascriptis
1395 2006 1553 2072 videlicet

443 2113 540 2197 quod
569 2112 595 2175 si
625 2112 790 2195 premissa
818 2111 934 2175 omnia
962 2118 997 2175 et
1026 2112 1158 2196 singula
1186 2133 1255 2176 non
1284 2112 1554 2195 adimpleueritis

443 2238 502 2280 seu
545 2215 749 2279 distuleritis
790 2215 1040 2280 contumaciter
1082 2216 1267 2300 adimplere
1308 2237 1388 2282 cum
1431 2217 1555 2281 effectu

444 2341 578 2384 exnunc
596 2340 658 2403 pro
678 2325 805 2382 extunc
822 2325 856 2382 et
873 2325 1001 2383 extunc
1017 2327 1120 2404 prout
1137 2342 1272 2385 exnunc
1287 2321 1322 2384 in
1339 2342 1402 2385 vos
1418 2321 1555 2403 Joh'em

301 2440 355 2487 anu
444 2426 521 2508 Ery,
548 2425 660 2488 Ric'm
689 2424 837 2498 Morton,
863 2424 1000 2506 Joh'em
1025 2424 1198 2507 wanton
1223 2430 1257 2487 et
1281 2424 1500 2508 singulariter
1524 2424 1556 2486 in

261 2506 411 2620 hrevaippped
443 2529 605 2613 singulos,
631 2528 787 2611 predicta
811 2528 975 2592 canonica
1000 2528 1190 2593 monicione
1214 2529 1390 2611 premissa,
1415 2548 1556 2611 suspen-

261 2639 415 2702 repensum,
443 2634 548 2698 cionis
579 2633 789 2696 sentenciam
821 2633 865 2696 ab
897 2633 1049 2716 ingressu
1080 2633 1216 2697 ecclesie
1248 2633 1388 2698 ierimus
1418 2633 1455 2697 in
1486 2632 1553 2716 hijs

443 2737 588 2821 scriptis.
637 2738 683 2800 Et
711 2737 739 2799 si
767 2736 963 2800 huiusmodi
992 2737 1225 2821 suspencionis
1253 2737 1464 2801 sentenciam
1493 2757 1553 2821 per

444 2842 529 2907 alios
559 2848 637 2905 octo
667 2841 738 2905 dies
767 2842 918 2924 prelatos
948 2847 1027 2905 octo
1056 2841 1127 2905 dies
1156 2842 1342 2906 inmediate
1371 2848 1553 2926 sequentes

444 2946 685 3021 sustinueritis,
720 2966 781 3009 vos
815 2952 849 3009 et
882 2952 1036 3009 vestrum
1069 2947 1219 3031 singulos
1251 2947 1286 3011 in
1319 2946 1386 3030 hijs
1418 2946 1554 3030 scriptis

444 3050 683 3133 suspendimus
722 3071 743 3113 a
780 3049 916 3113 diuinis.
964 3051 1011 3113 Et
1049 3050 1078 3113 si
1115 3051 1268 3133 prefatas
1306 3050 1481 3115 interdicti
1519 3055 1553 3113 et

444 3153 677 3237 suspencionis
703 3153 891 3218 sententias
917 3174 978 3237 per
1003 3154 1087 3218 alios
1113 3161 1191 3218 octo
1217 3155 1288 3218 dies
1314 3154 1467 3238 prefatos
1493 3154 1550 3237 xvj

445 3258 516 3322 dies
535 3257 722 3322 inmediate
741 3264 923 3342 sequentes
942 3258 1068 3332 animo,
1089 3258 1182 3342 quod
1202 3258 1303 3334 absit,
1324 3258 1554 3322 sustinueritis

446 3362 618 3437 indurato,
642 3382 777 3426 exnunc
798 3383 860 3445 pro
883 3369 1011 3427 extunc
1046 3369 1080 3426 et
1111 3369 1239 3427 extunc
1272 3370 1374 3446 prout
1408 3383 1553 3437 exnunc,

447 3466 601 3549 predicta
620 3466 784 3529 canonica
802 3466 994 3531 monicione
1012 3467 1186 3551 premissa,
1206 3489 1268 3531 vos
1286 3467 1424 3550 Joh’em
1443 3466 1554 3531 Ric'm

261 3584 299 3632 nd
313 3597 421 3658 excom·
448 3576 482 3633 et
501 3570 638 3652 Joh'em
656 3570 871 3653 supradictos
890 3577 924 3634 et
942 3577 1097 3635 vestrum
1115 3571 1265 3655 singulos
1282 3572 1317 3635 in
1335 3571 1402 3655 hijs
1420 3570 1555 3654 scriptis

261 3654 422 3763 nqprscpltlron
448 3676 623 3739 sentencia
637 3676 1003 3740 excommunicacionis
1017 3675 1233 3751 innodamus,
1249 3676 1345 3759 penis
1359 3675 1401 3739 al'
1418 3674 1555 3738 inflictis

264 3782 403 3844 reuening.
449 3785 570 3843 contra
589 3786 809 3843 contumaces
829 3787 863 3844 et
883 3780 1023 3845 rebelles
1042 3780 1076 3843 in
1097 3780 1161 3843 hac
1180 3780 1420 3844 nichilominus
1439 3779 1474 3843 in
1494 3798 1556 3842 suo

449 3885 569 3948 robore
607 3884 791 3961 duraturis,
830 3906 909 3950 cum
946 3891 1117 3949 crescente
1154 3885 1372 3949 contumacia
1409 3903 1556 3948 crescere

449 3987 566 4053 debiat
600 3994 634 4053 et
667 4010 766 4073 pena,
798 3990 897 4054 iuxta
927 3989 1043 4054 ciuiles
1074 3996 1108 4053 et
1139 3991 1320 4054 canonicas
1350 3988 1555 4053 sanctiones.

450 4094 555 4157 Facte
573 4099 607 4156 et
624 4092 711 4157 lec'te
728 4100 825 4157 erant
842 4094 1061 4168 municiones,
1080 4094 1320 4169 iniuncciones,
1339 4100 1373 4157 et
1390 4092 1557 4157 sentenci-

450 4217 548 4262 arum
567 4197 778 4280 prolaciones
796 4198 1026 4281 suprascripte
1045 4198 1079 4261 in
1099 4198 1202 4262 domo
1220 4198 1402 4283 capitulari
1420 4197 1557 4261 ecclesie

450 4301 626 4385 collegiate
664 4301 801 4385 Rypon’
840 4324 900 4387 per
937 4302 1167 4367 venerabilem
1204 4304 1317 4368 virum
1355 4303 1557 4387 Magistrum

450 4405 563 4469 Adam
580 4405 622 4469 de
639 4405 837 4483 Fenrother,
856 4408 1059 4472 canonicum
1077 4413 1111 4470 et
1128 4408 1404 4472 residenciarium
1421 4406 1557 4470 ecclesie

451 4508 600 4593 Rypon’,
632 4509 706 4572 vice
736 4515 771 4572 et
802 4512 1010 4576 auctoritate
1040 4510 1200 4594 Capituli,
1232 4511 1314 4595 xviij
1348 4511 1402 4574 die
1432 4509 1557 4574 mensis

451 4613 670 4697 Septembris,
696 4613 797 4677 Anno
824 4615 905 4679 D'ni
933 4614 1075 4678 Mill’mo
1102 4629 1220 4679 ccccm0
1242 4616 1314 4698 viij,
1343 4614 1558 4699 presentibus

450 4716 600 4781 Will'mo
623 4712 669 4806 dd
688 4716 812 4796 Cawod
835 4725 870 4782 et
893 4718 974 4782 d'no
997 4719 1098 4802 Joh’e
1121 4720 1163 4783 de
1186 4720 1292 4795 Dene,
1316 4719 1498 4793 canonicis,
1522 4723 1557 4780 et

451 4822 540 4888 d’nis
559 4804 817 4907 Joh’e*·R'ednes
836 4829 871 4887 et
890 4822 991 4907 Joh'e
1010 4822 1126 4888 Thom
1145 4824 1346 4909 Capellanis
