3950 5625
496 678 517 737 8
772 675 856 736 Tne
883 672 1037 736 lnorcssr
1063 672 1323 736 hlnuuscurpr.

309 846 390 939 ,N.⁰¹}²
420 864 483 922 9⁰¹¹·
497 863 610 913 cetero
642 849 675 910 iu
710 848 889 930 premissis
921 848 1066 912 honeste
1104 869 1141 911 se
1180 847 1331 922 habebit,
1372 847 1602 911 sufficientem

282 919 449 1026 pffln..
499 961 626 1030 prestet
652 948 885 1011 sanccionem.
944 948 1060 1029 Super
1084 947 1361 1010 incontinencia¹
1387 968 1479 1022 vero,
1507 947 1602 1028 quod

317 1066 459 1132 Fertavjta
495 1047 597 1123 absit,
628 1036 833 1123 defamatus
865 1068 925 1129 per
952 1047 1109 1128 quinque
1136 1046 1190 1110 sui
1219 1045 1351 1109 ordinis
1378 1046 1406 1109 si
1437 1045 1599 1128 potuerit,

283 1134 464 1248 fflusffi'c
498 1168 559 1211 seu
593 1167 652 1229 per
684 1161 751 1210 tres
782 1146 824 1209 ad
859 1146 969 1228 ipsius
994 1145 1136 1228 capituli
1162 1146 1341 1209 arbitrium
1371 1167 1408 1209 se
1435 1145 1603 1208 canonice

283 1259 716 1330 cionessaeien-compurget,
747 1246 916 1327 alioquin,
947 1245 1068 1328 eoipso
1095 1245 1276 1309 conuictus
1304 1260 1469 1327 tanquam
1495 1266 1604 1309 mem-

283 1329 599 1458 gfsssfflllfeurmbrum
633 1345 808 1428 putridum
835 1349 879 1408 ab
909 1346 983 1427 ipsa
1015 1344 1160 1408 ecclesia
1191 1365 1251 1426 per
1281 1366 1412 1407 annum
1444 1345 1599 1408 eiciatur.

283 1461 439 1524 capitutum,
500 1445 675 1527 Deinceps
692 1444 734 1507 ad
754 1445 864 1527 ipsam
886 1466 953 1508 non
970 1465 1171 1508 reuersurus
1186 1443 1251 1507 nisi
1266 1465 1371 1526 super
1383 1443 1603 1507 continencia

283 1535 424 1641 ffigffigo
436 1588 483 1637 an-
497 1558 530 1608 et
546 1545 726 1608 honestate
743 1544 859 1607 debita
880 1543 1091 1608 sufficienter
1115 1543 1244 1606 cauerit
1268 1543 1301 1604 in
1327 1542 1491 1605 futurum.
1544 1543 1599 1620 Et,

283 1654 541 1736 quoqntoqutnme
583 1643 696 1707 delicti
742 1643 921 1726 inpunitas
968 1643 1096 1726 tribuat
1141 1642 1321 1705 audaciam
1361 1641 1600 1724 delinquendi,

283 1728 483 1851 ffissmffi
497 1743 650 1827 singulis
677 1743 894 1825 septimanis,
923 1743 978 1806 die
1005 1742 1140 1805 veneris
1165 1743 1217 1805 vel
1243 1741 1299 1804 die
1322 1741 1456 1805 sabbati
1483 1741 1605 1825 hujus-

284 1855 359 1902 nicus
372 1850 451 1899 fuerit
499 1841 592 1905 modi
612 1863 671 1925 per
688 1841 901 1924 Capitulum,
924 1854 1082 1925 presente
1104 1841 1223 1922 aliquo
1241 1841 1430 1918 Canonic0,
1450 1841 1603 1905 districte

284 1933 405 1984 presens.
498 1939 583 2004 fiant
620 1941 866 2005 correcciones.
937 1941 1005 2004 Sed
1037 1941 1066 2005 si
1101 1942 1217 2004 nullus
1249 1940 1447 2004 Canonicus
1478 1940 1604 2004 diebus

497 2040 775 2105 correccionibus
791 2041 965 2123 deputatis
983 2061 1126 2123 presens
1143 2039 1253 2117 luerit,
1272 2061 1381 2121 usque
1397 2040 1440 2103 ad
1453 2040 1604 2103 alicuius

316 2161 465 2225 cnaputns
499 2140 712 2223 presenciam
732 2140 807 2223 ipsa
823 2140 995 2204 correccio
1013 2152 1215 2204 reseruetur.
1266 2139 1320 2202 Ad
1336 2139 1400 2203 hec
1416 2140 1604 2203 statuimus

282 2227 465 2342 ‘e’fc'wssglssg
498 2254 535 2303 ut
574 2240 753 2323 Capeliani
795 2239 1019 2322 hospitalium
1055 2261 1095 2303 ac
1129 2239 1187 2302 alii
1229 2260 1288 2322 per
1327 2239 1524 2322 parochiam
1568 2240 1602 2302 in

282 2328 471 2422 pre's’enredro
496 2340 639 2422 capellis
682 2339 900 2415 deseruituri,
947 2339 1011 2421 ipsi
1061 2339 1234 2421 Capitulo,
1282 2338 1401 2420 aliquo
1427 2353 1604 2421 ‚presente

282 2425 688 2537 fflffffffiffissanonico,
721 2450 972 2521 presentemur,
1010 2459 1071 2501 nec
1104 2438 1305 2520 priusquam
1340 2438 1373 2499 in
1406 2438 1599 2512 ordinibus,

282 2555 327 2603 ted
353 2553 468 2626 without¹
498 2538 683 2614 literatura,
706 2538 872 2613 moribus,
898 2558 938 2600 ac
961 2537 1040 2601 aliis
1063 2559 1131 2619 que
1157 2536 1372 2612 incumbunt,
1392 2537 1604 2601 sufficientes

281 2618 733 2739 gzglt'fgssm‘lsuah'inueniantur,
767 2637 989 2718 aliquatenus
1020 2637 1256 2700 admittantur.
1317 2637 1472 2701 Admissi
1506 2659 1600 2714 vero,

281 2750 335 2798 and
348 2765 396 2825 are
409 2759 437 2796 ιο
497 2738 695 2799 manualem
723 2736 787 2819 ipsi
817 2737 960 2800 ecclesie
984 2736 1111 2800 faciant
1134 2736 1385 2814 obedienciam,
1410 2737 1538 2820 quibus
1568 2737 1601 2799 in

281 2831 441 2936 ξὶῗᾌῖξξω,
496 2838 622 2901 virtute
639 2836 841 2900 obediencie
860 2837 999 2919 prestite
1017 2836 1221 2921 iniungatur
1244 2852 1280 2899 vt
1303 2837 1455 2921 singulis
1479 2837 1603 2901 diebus

280 2946 335 2994 and
345 2945 479 3020 ttiattend
496 2936 683 3000 dominicis
721 2957 761 2999 ac
799 2935 895 2999 festis
926 2936 1126 3019 duplicibus
1159 2937 1370 3019 processioni
1403 2957 1442 2999 ac
1474 2958 1603 3018 magne

281 3026 462 3125 Jffgffifflr
498 3035 602 3099 misse
643 3036 676 3097 in
718 3035 793 3118 ipsa
833 3036 973 3099 matrice
1012 3036 1168 3113 ecclesia,
1208 3036 1273 3099 nisi
1309 3037 1467 3120 legitima
1497 3057 1604 3099 causa

495 3134 624 3199 fuerint
652 3135 819 3217 impediti,
853 3135 886 3197 in
913 3135 1033 3199 habitu
1060 3135 1242 3207 intersint;
1267 3136 1428 3199 absentes
1454 3157 1535 3199 vero
1561 3158 1603 3199 ex

499 3256 566 3299 non
608 3235 698 3297 iusta
737 3255 853 3312 causa,
896 3234 1007 3317 ipsius
1045 3235 1186 3317 capituli
1225 3234 1367 3299 arbitrio
1400 3235 1600 3318 puniantur.

316 3342 460 3416 Notatur-3
499 3334 627 3398 Rector
645 3355 726 3397 vero
750 3336 924 3397 scolarum
950 3334 1099 3398 similem
1126 3348 1253 3416 prestet
1276 3334 1527 3411 obedienciam,
1547 3335 1602 3398 cui

283 3416 464 3536 ffijfflg
496 3433 657 3498 similiter
674 3433 880 3517 iniungatur
900 3433 1111 3528 vtsingulis
1136 3433 1231 3498 lestis
1258 3455 1382 3497 nouem
1409 3435 1602 3499 leccionum

283 3540 417 3613 scolarum
432 3537 456 3585 tn
498 3532 632 3596 intersit
661 3533 851 3606 matutinis
883 3545 1014 3597 sextam
1049 3533 1199 3617 legendo
1232 3534 1443 3607 leccionem;
1479 3534 1604 3598 diebus

283 3613 445 3667 grarnanca.
498 3653 580 3695 vero
627 3632 813 3696 dominicis
859 3654 898 3696 ac
945 3632 1040 3697 festis
1086 3633 1285 3715 duplicibus
1328 3633 1462 3697 intersit
1508 3633 1604 3697 horis

318 3744 439 3820 Notade
497 3731 686 3805 canonicis,
717 3731 942 3813 processioni,
972 3753 1013 3795 ac
1041 3753 1168 3816 magne
1198 3733 1312 3797 misse.
1378 3733 1432 3796 Sit
1459 3734 1604 3797 honeste

285 3819 429 3924 ffiffiss}
498 3830 567 3894 vite
584 3845 616 3894 et
632 3831 927 3907 conuersacionis,
947 3853 987 3895 ac
1011 3833 1182 3895 scolarum
1208 3832 1395 3915 diligenter
1420 3832 1603 3896 intendens

499 3928 701 4012 profectum,
728 3943 830 4012 prout
853 3931 948 3995 oneri
975 3953 1040 3994 suo
1067 3932 1246 4007 incumbit,
1275 3932 1365 3996 sicut
1388 3932 1601 4016 condignam

498 4027 638 4112 clugere
656 4029 739 4092 velit
755 4030 938 4094 vlcionem.
990 4030 1119 4094 Veniat
1139 4030 1182 4093 ad
1208 4032 1349 4095 missam
1376 4034 1474 4096 beate
1493 4032 1603 4096 Mario

318 4150 459 4198 Side-nore
500 4140 602 4211 prout
617 4141 823 4192 consuetum
841 4143 902 4193 est.
953 4130 1132 4207 Similiter,
1153 4130 1365 4213 Capellanus
1381 4131 1479 4194 altari
1505 4132 1603 4195 beate

286 4214 462 4343 {fffflgffll
502 4228 611 4291 Marie
627 4227 828 4292 deseruiens
845 4229 995 4293 similem
1010 4228 1112 4292 faciat
1127 4229 1378 4307 obedienciam,
1394 4252 1434 4294 ac
1450 4231 1603 4315 singulis

408 4315 414 4329 ’
500 4326 595 4391 lestis
614 4347 739 4391 nouem
763 4327 955 4391 leccionum
980 4348 1040 4410 per
1060 4340 1170 4392 totum
1193 4329 1380 4392 adventum
1402 4330 1545 4393 Domini
1571 4345 1604 4394 et

502 4447 561 4509 per
577 4438 683 4490 totam
701 4426 1006 4511 quadragesimam
1028 4427 1160 4491 intersit
1181 4428 1359 4492 matutinis
1385 4428 1418 4491 in
1443 4430 1599 4506 ecclesia,

501 4525 610 4609 prime
628 4526 840 4608 processioni
857 4548 897 4590 ac
918 4548 1047 4611 magne
1072 4527 1187 4603 misse,
1207 4528 1274 4591 sub
1297 4548 1386 4610 pena
1409 4528 1602 4593 amocionis

498 4648 519 4689 a
549 4647 614 4690 suo
644 4626 803 4703 seruici0,
840 4641 942 4709 prout
973 4627 1007 4689 in
1042 4627 1272 4691 instrumento
1303 4649 1369 4691 suo
1400 4648 1506 4710 super
1537 4629 1602 4692 hoc

564 4782 571 4805 ¹
592 4780 609 4802 ‘⁴
620 4776 645 4825 in
656 4775 669 4794 '¹
687 4778 803 4827 secunda
814 4793 906 4826 rrranu.
