3950 5625
770 699 864 764 Acrs
887 716 933 763 or
956 699 1135 763 Cunerum
1445 714 1507 781 159

405 879 573 943 mittimus
606 879 699 943 vices
731 879 833 954 n’ras,
869 885 1029 963 rogantes
1062 878 1226 962 quatinus
1260 898 1322 942 nos
1355 878 1398 942 de
1432 884 1508 942 toto

404 1004 560 1067 processu
579 1004 695 1048 coram
715 983 814 1047 vobis
832 983 867 1046 in
886 983 951 1047 hac
969 988 1067 1065 parte
1086 982 1245 1046 habendo
1264 982 1355 1046 dicte
1373 1002 1509 1066 permu-

404 1088 546 1152 tacionis
569 1087 733 1171 expedito
755 1087 896 1172 negocio
919 1087 1058 1150 reddere
1082 1086 1195 1149 velitis
1218 1086 1380 1150 cerciores
1402 1086 1509 1150 literis

403 1192 525 1256 vestris
549 1191 751 1277 patentibus
775 1191 983 1256 habentibus
1008 1193 1099 1255 hunc
1125 1197 1288 1254 tenorem.
1336 1191 1416 1255 Dat.
1444 1193 1508 1255 sub

404 1297 461 1381 sig.
495 1297 570 1360 n’ro
603 1296 638 1360 in
671 1296 824 1360 manerio
856 1295 930 1359 n'ro
963 1295 1005 1359 de
1038 1294 1196 1370 Fulham,
1231 1294 1421 1378 penultimo
1453 1295 1508 1359 die

403 1400 527 1464 mensis
561 1400 655 1484 Maij,
688 1400 789 1464 Anno
820 1400 900 1464 D’ni
933 1399 1111 1462 Millesimo
1145 1411 1262 1462 ccccmo
1295 1398 1438 1474 decim0,
1473 1405 1508 1464 et

403 1519 518 1568 nostre
552 1504 789 1568 translacionis
824 1524 914 1568 anno
949 1503 1064 1567 tercio.
1113 1502 1266 1586 Quarum
1301 1505 1508 1567 auctoritate

403 1608 594 1672 litterarum
612 1608 730 1692 (atque
744 1609 889 1691 nostra)¹
907 1607 1018 1671 causis
1033 1606 1298 1690 permutacionis
1313 1606 1508 1672 huiusmodi
1522 1635 1580 1682 The
1599 1636 1721 1700 Chapter

404 1732 463 1795 per
479 1733 542 1776 nos
560 1711 697 1787 auditiS,
717 1711 932 1786 examinatis,
951 1718 986 1774 et
1004 1710 1153 1794 plenarie
1170 1711 1340 1786 discussis,
1359 1711 1508 1797 ipsisque
1528 1701 1714 1818 odibiiiiibr

404 1816 491 1880 veris
507 1821 542 1880 et
557 1815 716 1901 legitimis
732 1815 881 1881 inuentis
897 1821 930 1878 et
946 1820 1128 1898 propterea
1143 1835 1204 1898 per
1218 1836 1280 1878 nos
1296 1817 1506 1899 approbatis
1522 1836 1569 1883 the
1579 1835 1679 1900 bishop
1692 1835 1723 1885 or

404 1919 476 1995 tibi,
502 1919 544 1984 de
567 1920 663 1985 cuius
686 1919 816 1983 meritis
840 1925 874 1983 et
898 1918 1087 1983 virtutibus
1111 1918 1276 1982 sinceram
1300 1919 1335 1983 in
1359 1920 1508 1984 Domino
1539 1901 1709 2017 ifflflfflqo

404 2023 564 2088 fiduciam
600 2025 806 2108 optinemus,
843 2023 1034 2107 predictam
1070 2022 1235 2087 vicariam
1271 2023 1313 2087 de
1349 2023 1508 2088 Aluethle
1561 2035 1682 2097 Alveiey.

404 2128 596 2192 collacionis
623 2134 657 2192 et
684 2128 770 2192 dioc.
800 2127 944 2211 predicti
971 2127 1043 2190 d'ni
1070 2125 1317 2191 Londoniensis
1344 2128 1422 2212 Ep’i
1449 2149 1509 2212 per

405 2232 669 2318 resignacionem
691 2232 774 2296 dicti
796 2231 868 2295 d'ni
891 2231 1010 2295 Rob’ti
1033 2231 1174 2314 Lytster
1195 2231 1279 2295 alias
1300 2231 1342 2295 de
1364 2232 1509 2296 Asmon·

405 2336 510 2421 derby
539 2357 654 2401 coram
683 2336 782 2400 nobis
811 2357 853 2400 ex
883 2356 986 2400 causa
1015 2335 1283 2419 permutacionis
1312 2336 1508 2401 huiusmodi

405 2461 463 2524 per
480 2441 558 2504 libri
579 2441 802 2504 tradicionem
822 2439 1035 2504 instituimus
1054 2439 1216 2503 canonice
1236 2439 1270 2503 in
1291 2440 1410 2503 eadem
1430 2461 1509 2505 cum

406 2544 473 2608 suis
506 2544 636 2608 iuribus
670 2550 704 2608 et
738 2544 955 2627 pertinenciis
990 2543 1166 2618 vniuersis,
1202 2544 1383 2607 reseruatis
1416 2544 1509 2608 dicto

405 2649 589 2713 reuerendo
611 2649 701 2732 patri
724 2649 882 2712 omnibus
904 2647 1100 2740 etsingulis
1121 2668 1188 2732 que
1210 2648 1244 2711 in
1266 2648 1509 2713 Commissione

406 2772 465 2818 sua
486 2752 641 2837 superius
663 2758 889 2817 reseruantur.
937 2752 1019 2817 Dat.
1040 2752 1075 2816 in
1094 2751 1197 2816 domo
1216 2752 1290 2817 n'ra
1310 2752 1508 2837 Capitulari,

405 2858 553 2922 secundo
586 2858 640 2922 die
673 2858 798 2921 mensis
831 2842 988 2942 Augusti,
1023 2856 1124 2920 Anno
1157 2858 1296 2921 Domini
1332 2858 1510 2922 Millesimo

405 2962 741 3045 quadringentesimo
759 2961 903 3025 decimo

409 3153 493 3237 (233)
521 3153 854 3216 Crnrrrrcnronruu
879 3167 994 3214 suern
1019 3168 1300 3215 rsnuurncrour
1325 3152 1509 3216 Cilurnum

449 3258 518 3322 S'cr
540 3257 696 3321 Annuus
719 3273 793 3320 cum
816 3271 964 3319 vrorum
986 3272 1034 3318 or
1057 3255 1289 3320 Aruernnrrr.

397 3384 402 3390 ⁵
493 3402 693 3467 Reuerendo
717 3401 752 3464 in
763 3421 845 3484 ,xpo
868 3401 959 3484 patri
983 3406 1018 3464 et
1042 3400 1123 3463 d'no
1146 3400 1285 3465 domino
1307 3401 1403 3466 Ric'o
1423 3402 1456 3467 d.
1477 3423 1508 3486 g.

407 3507 633 3572 Londoniensi
658 3505 756 3589 Ep'0,
782 3505 839 3569 Ca.
865 3505 944 3569 eccl.
970 3506 1003 3569 b.
1030 3504 1123 3568 Petri
1149 3504 1272 3589 Ripon'
1299 3507 1511 3571 reuerencias

406 3619 439 3676 et
472 3614 617 3676 honores
650 3610 785 3674 debitos
819 3614 919 3673 tanto
954 3609 1055 3693 patri,
1091 3608 1223 3673 litteras
1257 3611 1511 3675 Commissionis

406 3722 517 3781 vestre
536 3735 646 3799 nuper
664 3713 852 3797 recepimus
871 3712 907 3776 in
926 3714 989 3777 hec
1009 3714 1124 3778 verba.

494 3856 672 3930 RicarduS,
696 3861 763 3929 etc,
786 3875 823 3918 os
844 3854 882 3918 in
903 3854 967 3918 No.
991 3873 1064 3933 232.

405 4006 453 4085 63,
510 3998 581 4063 Nos
614 4003 741 4072 autem,
776 3998 811 4061 in
844 3996 1040 4061 huiusmodi
1073 3996 1339 4079 permutacionis
1372 3999 1511 4083 negocio

406 4109 479 4167 tam
513 4102 720 4167 auctoritate
755 4107 871 4164 vestra
906 4100 1005 4164 nobis
1039 4098 1220 4163 commissa
1254 4121 1360 4184 quam
1394 4109 1512 4166 nostra

406 4207 554 4292 legitime
590 4205 823 4290 procedentes,
862 4203 1000 4278 auditis,
1039 4202 1254 4278 examinatis,
1292 4210 1327 4268 et
1362 4205 1512 4289 plenarie

407 4310 564 4375 discussis
587 4308 697 4373 causis
719 4306 986 4392 permutacionis
1009 4306 1171 4389 predicte,
1195 4306 1344 4391 ipsisque
1366 4309 1455 4372 veris
1477 4314 1512 4373 et

407 4414 564 4499 legitimis
603 4412 763 4487 inuentis,
804 4419 838 4476 et
879 4414 1060 4494 propterea
1099 4430 1159 4494 per
1198 4430 1260 4473 nos
1299 4412 1511 4496 approbatis,

408 4518 541 4602 prefato
580 4517 662 4580 d'no
702 4515 795 4597 Joh'i
835 4515 876 4579 de
917 4511 1059 4576 Fulford
1099 4513 1228 4577 dictam
1268 4514 1431 4579 vicariam
1470 4516 1513 4580 de

408 4621 575 4695 Aluethle,
601 4623 794 4683 vestrarum
818 4614 1012 4683 collacionis
1036 4621 1070 4678 et
1093 4617 1192 4691 dioc,
1213 4638 1318 4700 quam
1339 4618 1513 4702 predictus

479 4792 485 4813 ¹
504 4783 629 4849 Inserted
643 4782 706 4830 here
719 4780 772 4830 but
784 4783 874 4849 primo
888 4790 972 4828 manu
986 4774 1156 4830 afterwards
