3950 5625
704 708 798 772 Acrs
821 723 867 771 or
889 705 1068 771 cutmen.
1377 716 1441 782 239

333 887 596 954 sacramentalia
623 887 817 951 ministrare
845 885 961 951 valeas
988 885 1053 948 hac
1076 883 1151 947 vice
1175 888 1325 954 tantum,
1350 879 1441 944 vices

332 1001 469 1059 nostras
511 1000 545 1057 et
587 991 765 1056 licenciam
808 998 925 1055 tenore
968 989 1181 1074 presencium
1223 985 1441 1051 concedimus

332 1098 525 1184 specialem,
548 1097 631 1181 Jure
655 1149 661 1161 .
687 1149 693 1161 .
719 1148 724 1160 .
747 1095 851 1159 saluis
875 1095 925 1178 (as
940 1094 979 1158 in
1000 1094 1064 1158 No,
1087 1096 1176 1173 331).
1224 1093 1305 1155 Dat.
1328 1090 1362 1154 in
1384 1089 1439 1153 do.

333 1203 391 1268 Ca.
420 1202 511 1267 Eccl.
541 1201 665 1286 Ripon’
694 1199 846 1284 predicte
873 1200 936 1264 sub
963 1198 1072 1283 sigillo
1099 1195 1327 1278 Commissarij
1357 1194 1440 1257 dicti

333 1307 483 1392 Capituli
516 1306 580 1370 n’ri
613 1305 738 1389 xxiiij¹⁰
771 1304 826 1368 die
861 1303 1036 1386 Februarii
1074 1302 1174 1365 Anno
1209 1300 1288 1364 D’ni
1324 1298 1442 1362 Mill’io

333 1410 672 1497 quadringentesimo
695 1408 906 1493 sexagesimo
932 1407 1089 1491 septimo,

333 1589 382 1652 82.
464 1592 551 1672 (339)
605 1587 835 1652 Aocronnxs
881 1601 1117 1649 PURIFICANDI
1164 1600 1356 1647 Mucianam
1402 1600 1440 1646 m

377 1693 542 1758 exprim
567 1710 615 1756 nu
640 1692 836 1756 Mouxrou.

421 1847 619 1932 Capitulum
646 1898 652 1910 .
682 1898 688 1910 .
718 1898 724 1910 .
752 1845 849 1908 Ric'o
874 1844 1035 1908 Clerkson
1061 1843 1255 1927 Capellan0,
1281 1841 1438 1907 salutem.
1543 1838 1558 1880 θ’
1608 1878 1612 1889 ‚

333 1952 380 2016 Vt
398 1951 558 2016 Graciam
576 1970 718 2014 vxorem
737 1949 860 2033 Rogeri
880 1948 987 2012 Ledes
1005 1948 1047 2011 de
1066 1947 1245 2022 Monkton,
1265 1947 1440 2030 parochia·
1490 1938 1496 1949 ’
1519 1918 1556 1950 ar.
1601 1921 1616 1950 ''

333 2078 415 2121 nam
434 2055 606 2141 prebende
625 2054 667 2118 de
687 2054 855 2118 Monkton
877 2105 882 2117 .
906 2106 912 2117 .
936 2105 942 2118 .
964 2053 998 2116 in
1018 2053 1191 2136 Capellam
1211 2052 1253 2116 de
1273 2052 1440 2116 Monkton

335 2212 342 2226 .
366 2213 372 2227 .
396 2162 461 2225 hac
480 2161 553 2224 vice
574 2165 712 2224 tantum
732 2158 975 2223 auctoritatem
995 2164 1030 2221 et
1050 2157 1226 2221 licenciam
1250 2209 1256 2222 .
1281 2209 1288 2222 .
1313 2209 1319 2222 .
1342 2156 1442 2240 xvju

334 2265 387 2330 die
412 2265 538 2330 mensis
565 2263 681 2347 Marcij
710 2262 811 2327 Anno
837 2262 917 2326 D’ni
944 2260 985 2325 M¹
1002 2261 1213 2345 cccclxvijm0.
1272 2260 1441 2344 (Formas

333 2369 371 2434 in
389 2371 424 2433 N
426 2391 453 2434 0.
475 2370 564 2452 337).

337 2550 422 2632 (340)
456 2549 657 2619 Couurssro
688 2563 801 2611 mcm
831 2547 1013 2611 cimmo
1044 2564 1112 2611 mo
1143 2563 1363 2611 Aourssrouc
1395 2547 1439 2611 M.

376 2655 560 2718 Furcoms
579 2653 843 2715 Brnuxucunn
862 2669 910 2715 An
928 2668 1153 2716 pnussnuomu
1171 2669 1219 2715 no
1237 2651 1439 2716 Sronnmx.

420 2805 585 2891 Georgius
604 2857 610 2870 .
632 2858 638 2870 .
661 2858 667 2870 .
687 2804 775 2889 Quia
792 2826 854 2870 nos
872 2804 1122 2872 Canonicatum
1139 2805 1173 2871 in
1191 2805 1285 2871 dicta
1302 2807 1442 2873 ecclesia
1490 2806 1609 2918 N¹⁴⁶⁷'„

333 2911 406 2975 n'ra
433 2910 515 2974 Coll.
546 2910 670 2994 Ripon'
700 2916 734 2972 et
761 2910 971 2993 prebendam
999 2911 1041 2974 de
1068 2911 1234 2995 Studelay
1261 2912 1294 2977 in
1322 2912 1442 2977 eadem
1457 2885 1653 3013 Abp‘ffvsqgjlefl

334 3020 497 3081 vacantes
519 3020 553 3078 et
576 3013 620 3077 ad
642 3014 753 3077 n’ram
775 3014 996 3078 collacionem
1019 3015 1119 3098 pleno
1141 3016 1212 3080 iure
1234 3023 1441 3101 spectantes,

334 3120 458 3184 dilecto
477 3118 575 3183 nobis
595 3118 629 3181 in
650 3117 731 3202 Xpo
750 3118 820 3182 filio
841 3118 1005 3203 Magistro
1025 3120 1166 3184 Fulconi
1188 3121 1443 3206 Bermyngham

334 3224 541 3289 contulimus
557 3222 688 3287 intuitu
705 3222 870 3298 caritatis,
890 3223 1079 3308 Ipsumque
1098 3279 1102 3286 .
1125 3276 1131 3289 .
1153 3277 1159 3289 .
1178 3225 1391 3291 instituimus
1408 3235 1441 3292 et

335 3327 578 3413 inuestimu(s)¹
605 3326 857 3411 presencialiter
881 3328 915 3391 in
941 3335 974 3391 et
1000 3327 1043 3392 de
1068 3329 1205 3404 eisdem,
1231 3330 1337 3394 Vobis
1364 3383 1370 3396 .
1399 3383 1405 3397 .
1434 3385 1441 3398 .

335 3440 498 3498 vestrum.
547 3432 628 3495 Dat.
668 3431 742 3495 n’ro
780 3434 844 3496 sub
882 3432 991 3517 sigillo
1028 3434 1063 3497 in
1101 3435 1253 3499 manerio
1290 3436 1364 3499 n’ro
1401 3437 1443 3501 de

336 3536 464 3619 Scroby
492 3535 653 3600 vicesimo
681 3535 829 3619 septimo
857 3536 912 3600 die
942 3538 1069 3601 mensis
1097 3538 1313 3615 Nouembris,
1343 3540 1444 3606 Anno

336 3641 415 3705 D’ni
445 3638 954 3723 Mill'mo'quadringentesimo
982 3643 1193 3727 sexagesimo
1221 3645 1379 3728 septimo
1409 3652 1443 3710 et

335 3751 450 3810 nostre
470 3743 706 3808 translacionis
726 3763 817 3808 anno
837 3744 952 3810 tercio.
1004 3745 1133 3826 (Forms
1153 3768 1190 3811 as
1209 3747 1247 3811 in
1267 3749 1330 3813 No.
1352 3751 1441 3833 325).

424 3897 523 3962 Istud
539 3896 745 3961 mandatum
763 3898 919 3962 exhibuit
938 3899 1091 3984 Rogerus
1108 3902 1261 3984 Pypwall
1284 3903 1318 3967 in
1340 3903 1443 3969 domo
1520 3915 1594 3973 1467,

337 4001 568 4086 Cap.'Ripon’
595 4001 630 4064 in
663 4001 752 4065 festo
792 4002 858 4066 S'ci
882 4002 1017 4066 Andree
1050 4005 1197 4087 apostoli
1229 4005 1330 4071 Anno
1363 4009 1443 4073 D’ni
1491 3979 1562 4027 Nov.
1580 3992 1620 4039 30'

338 4105 378 4170 M¹
394 4104 596 4188 cccclxvijm⁰
609 4107 739 4189 absque
752 4106 868 4189 aliqua
881 4107 1090 4171 auctoritate
1105 4111 1349 4192 procuratoria.
1397 4113 1444 4177 Et

338 4210 371 4275 in
399 4211 487 4275 festo
514 4209 804 4273 Annunciacionis
831 4212 932 4274 beate
961 4210 1066 4274 Marie
1093 4217 1220 4276 extunc
1247 4234 1343 4297 prox.
1373 4237 1442 4301 seq.

338 4315 427 4380 idem
458 4313 611 4398 Rogerus
642 4313 796 4397 Pypwall
827 4314 983 4378 exhibuit
1014 4313 1140 4377 ibidem
1171 4316 1339 4381 sufficiens
1369 4342 1444 4403 pro·

338 4418 547 4484 curatorium
563 4417 628 4480 sibi
646 4416 690 4480 ad
707 4418 888 4501 recipiend.
908 4425 943 4482 et
961 4417 1137 4501 optinend.
1157 4418 1393 4486 induccionem
1410 4432 1444 4488 et

338 4522 583 4607 possessionem
614 4520 649 4583 in
680 4520 894 4586 Canonicatu
925 4529 959 4585 et
991 4521 1164 4604 prebenda
1195 4524 1356 4606 predictis
1386 4549 1446 4611 per

339 4627 470 4691 dictum
490 4626 533 4689 M.
556 4624 743 4688 Fulconem
763 4625 801 4689 B.
823 4626 965 4700 factum,
987 4629 1042 4688 et.

410 4809 418 4832 ¹
437 4804 495 4854 Not
508 4803 537 4850 in
549 4802 605 4851 MS.
