3950 5625
799 624 1074 691 Caururaav.

735 722 1161 790 m
1473 743 1514 806 53

405 915 518 961 coram
553 897 690 984 Rogero
721 900 763 964 de
794 898 997 984 Thurkelby
1028 909 1063 965 et
1096 901 1251 966 Gilberto
1284 902 1326 966 de
1360 901 1515 976 Preston,

405 999 610 1081 justiciariis
627 1003 882 1080 itinerantibus
901 1013 936 1069 et
954 1005 1029 1069 aliis
1046 1006 1117 1071 d'ni
1137 1006 1239 1091 Regis
1257 1006 1415 1071 fidelibus
1432 1012 1515 1071 tunc

405 1104 452 1167 ibi
477 1108 704 1188 presentibus,
734 1109 829 1173 Inter
855 1109 1024 1174 Rob'tum
1051 1110 1093 1174 de
1125 1108 1299 1185 Stuteuill,
1326 1117 1513 1194 petentem,

405 1213 439 1271 et
458 1208 658 1292 Capitulum
678 1212 817 1295 Ripon’,
839 1220 1026 1288 tenentem,
1047 1235 1107 1297 per
1128 1215 1268 1278 Petrum
1288 1215 1331 1278 de
1350 1214 1514 1278 Fikelden

404 1311 627 1397 Capellanum
644 1316 796 1398 positum
814 1317 849 1381 in
866 1317 941 1382 loco
958 1318 1065 1401 ipsius
1082 1319 1231 1401 Capituli
1249 1318 1294 1383 ad
1310 1318 1514 1384 lucrandum

404 1417 459 1480 vel
492 1419 706 1501 perdendum
740 1421 783 1485 de
818 1421 1048 1486 aduocacione
1083 1423 1220 1487 ecclesie
1255 1422 1297 1486 de
1332 1421 1401 1487 Nid
1434 1443 1514 1487 cum

404 1523 632 1604 pertinenciis,
663 1524 754 1589 vnde
783 1526 951 1608 placitum
980 1526 1083 1590 fuerit
1120 1527 1208 1591 inter
1242 1547 1299 1590 eos
1328 1528 1363 1591 in
1393 1526 1513 1592 eadem

404 1625 515 1702 Curia,
567 1628 694 1692 scilicet
745 1629 839 1713 quod
889 1630 1065 1713 predictus
1117 1630 1265 1695 Rob'tus
1315 1630 1513 1716 recognovit

402 1730 594 1812 predictam
636 1732 903 1798 aduocacionem
944 1734 1097 1799 eiusdem
1139 1734 1276 1798 ecclesie
1318 1756 1396 1799 cum
1438 1755 1513 1818 per-

403 1834 560 1899 tinenciis
584 1856 655 1899 esse
680 1837 744 1919 Jus
767 1837 874 1920 ipsius
898 1838 1049 1921 Capituli
1074 1845 1108 1903 et
1132 1839 1283 1902 Ecclesie
1306 1839 1348 1903 de
1374 1838 1511 1923 Ripon‘.

403 1939 449 2002 Et
469 1939 564 2004 illam
585 1941 783 2025 recognovit
803 1947 838 2005 et
858 1943 964 2026 quiet.
987 1942 1152 2008 clamavit
1173 1943 1216 2007 de
1236 1965 1271 2007 se
1292 1949 1327 2007 et
1348 1943 1461 2008 hered.
1484 1965 1510 2008 S.

402 2044 496 2126 pred.
521 2043 681 2128 Capitulo
702 2051 736 2109 et
759 2045 849 2110 Eccl.
868 2047 1021 2129 predicte
1041 2047 1076 2111 in
1097 2054 1312 2131 perpetuum.
1361 2049 1407 2112 Et
1429 2048 1513 2112 illud

402 2147 602 2231 Capitulum
622 2150 748 2233 recepit
769 2151 863 2234 pred.
888 2150 1056 2215 Rob'tum
1077 2158 1111 2216 et
1133 2151 1246 2216 hered.
1269 2172 1294 2216 s
1317 2152 1351 2216 in
1372 2153 1514 2237 singulis

402 2253 575 2317 beneficiis
600 2259 635 2317 et
661 2254 877 2319 oracionibus
902 2276 969 2340 que
995 2257 1037 2320 de
1063 2262 1177 2320 cetero
1202 2256 1286 2320 fient
1312 2257 1347 2321 in
1373 2257 1513 2323 ecclesia

403 2357 559 2440 predicta
578 2357 613 2422 in
631 2365 847 2442 perpetuum.

512 2552 576 2635 (70)
600 2552 720 2615 Caura
742 2569 790 2615 oa
811 2569 952 2616 suiuus
973 2570 1098 2617 ruussu
1120 2553 1190 2617 S‘ei
1212 2553 1403 2618 Wurmoi.

491 2704 608 2769 Sciant
625 2725 753 2779 omnes
771 2710 844 2770 tam
861 2725 947 2789 pres¹
966 2727 1073 2790 quam
1090 2706 1167 2781 fut,
1188 2707 1282 2789 quod
1298 2718 1360 2792 ego
1380 2707 1512 2772 Galfrid
1561 2732 1583 2765 c.
1603 2725 1687 2765 1210-

403 2807 445 2872 de
468 2808 606 2884 Larder,
630 2808 821 2874 Canonicus
845 2809 982 2894 Ripon',
1007 2810 1097 2885 dedi,
1121 2811 1281 2886 concessi,
1305 2817 1340 2875 et
1363 2812 1511 2896 presenti
1544 2796 1654 2900 3θέζᾷ
1666 2797 1701 2911 ³7,

403 2919 500 2977 carta
513 2933 590 2978 mea
603 2913 804 2978 confirmavi
817 2915 852 2977 in
865 2935 940 2998 pur.
954 2920 988 2977 et
1003 2935 1096 2998 perp.
1110 2915 1149 2978 el.
1166 2916 1210 2979 ad
1221 2917 1512 2980 sustentacionem

403 3017 541 3082 luminis
567 3019 687 3082 tumbe
713 3019 806 3083 beati
833 3018 991 3093 Wilfridi,
1019 3039 1081 3102 pro
1107 3020 1222 3083 anima
1248 3041 1325 3084 mea
1351 3026 1385 3083 et
1412 3022 1513 3084 bene·
1563 3044 1604 3091 Dc
1624 3042 1700 3091 lumn

403 3121 574 3187 factorum
590 3142 745 3186 meorum
762 3128 796 3185 et
814 3143 876 3206 pro
893 3124 1010 3187 anima
1026 3124 1099 3186 Ade
1116 3124 1239 3187 Warth
1256 3130 1289 3186 et
1308 3130 1511 3188 antecessor.
1527 3111 1702 3227 {ffiledibffl

402 3247 553 3302 suorum,
577 3226 751 3290 redditum
773 3247 928 3291 annuum
951 3227 1098 3291 duorum
1120 3226 1306 3291 solidorum
1329 3228 1511 3312 recipiend.

402 3330 537 3394 custodi
555 3330 638 3394 dicti
656 3330 793 3394 luminis
810 3330 845 3395 in
862 3351 955 3414 perp.
976 3331 1018 3395 de
1035 3331 1147 3396 Adam
1164 3331 1270 3396 Ward
1288 3338 1321 3395 et
1339 3331 1381 3395 de
1399 3334 1511 3396 hered.

403 3435 457 3498 vel
475 3434 657 3519 assignatis
676 3435 755 3509 suis,
776 3435 904 3499 scilicet
923 3435 967 3500 ad
987 3436 1123 3499 Pentec
1145 3435 1326 3499 duodecim
1345 3436 1512 3512 denarios

402 3544 437 3602 et
455 3539 499 3603 ad
517 3539 644 3603 festum
662 3538 780 3602 Sancti
798 3539 938 3603 Martini
956 3540 990 3603 in
1009 3540 1131 3622 hyeme
1152 3539 1197 3623 xij
1221 3540 1379 3604 denarios
1399 3541 1451 3622 (24
1464 3543 1511 3622 v.)

402 3643 471 3707 scil.
491 3663 554 3727 pro
572 3649 663 3707 terra
680 3642 715 3707 iu
734 3643 859 3727 Ripon'
878 3664 946 3727 que
963 3644 1052 3708 iacet
1070 3664 1189 3707 versus
1206 3643 1442 3709 molendinum
1460 3644 1514 3708 del

403 3747 477 3823 Est,
507 3767 613 3831 quam
642 3746 732 3810 idem
761 3746 874 3811 Adam
903 3748 1016 3811 tenuit
1045 3747 1221 3831 quondam
1250 3748 1292 3811 de
1322 3748 1515 3833 Margareta

403 3851 472 3916 filia
499 3852 604 3914 Henr.
633 3852 675 3914 de
702 3850 853 3934 Screuyn
880 3871 942 3934 pro
968 3850 1020 3934 ijs.
1050 3852 1183 3926 annuis,
1211 3871 1314 3935 quem
1341 3852 1515 3916 redditum

404 3955 559 4039 predicta
601 3955 795 4039 Margareta
836 3955 939 4018 michi
989 3954 1157 4019 vendidit.
1229 3955 1304 4017 Hiis
1354 3956 1512 4029 testibus

405 4059 534 4145 Mag’ro
573 4058 772 4134 Laurenci0,
812 4059 984 4123 Canonico
1023 4058 1064 4122 de
1104 4058 1253 4142 Rypon',
1295 4058 1407 4122 Rob’o
1445 4058 1515 4122 filio

405 4160 559 4237 Galiridi,
580 4161 694 4226 Rob'o
713 4160 754 4227 de
774 4161 923 4247 Capella,
943 4162 1057 4227 Will’o
1076 4163 1118 4226 de
1138 4163 1305 4236 Masham,
1326 4161 1514 4244 Jeronimo,

405 4267 515 4350 Joh'e,
557 4266 718 4342 Ranuli0,
759 4267 846 4331 Rob.
888 4266 979 4341 Scot,
1020 4265 1213 4348 capellanis.
1275 4265 1513 4349 Huguncione,

405 4370 552 4445 Andrea,
585 4371 796 4445 diaconibus,
828 4369 941 4434 Adam
971 4369 1066 4442 Outi,
1100 4369 1211 4432 Rob'o
1242 4367 1283 4431 de
1315 4369 1514 4455 Monketon‚

406 4474 529 4557 Joh'ne
556 4475 598 4539 de
624 4475 757 4549 Hilt0n‚
784 4473 898 4537 Will’o
925 4479 958 4536 et
985 4473 1118 4535 Thoma
1144 4472 1185 4534 de
1212 4470 1375 4544 Cluther’,
1403 4469 1515 4536 Gilb’o

407 4579 447 4642 de
468 4579 654 4653 Mortimer,
677 4579 777 4660 Joh'e
800 4575 935 4640 Russell
955 4574 1140 4657 preposito,
1163 4572 1295 4638 Galfrid
1316 4572 1358 4636 de
1378 4572 1515 4659 Gilling,

409 4682 528 4747 Nich'o
560 4689 593 4746 et
626 4683 762 4746 Simone
793 4680 944 4751 Castlok,
976 4677 1176 4758 Thorphino
1206 4675 1448 4759 parmentario,
1481 4685 1516 4743 et

408 4788 525 4859 multis
544 4787 628 4852 aliis
