3950 5625
521 715 558 760 ro
790 696 873 759 THE
901 696 1055 760 lnortnv
1082 696 1340 760 Mnuuscmpr.

515 911 578 976 5v.
713 902 741 974 (r
750 898 782 974 5)
808 895 1087 958 rlnolrnnrncro
1112 895 1369 958 Vrcnurouunr.

334 1041 490 1152 uigili-cn.
605 1044 642 1107 ln
694 1044 757 1107 Dei
808 1046 960 1119 nomine,
1011 1045 1136 1109 Amen.
1217 1045 1356 1109 Auditis
1405 1059 1437 1108 ct
1485 1044 1624 1127 plenius

302 1167 398 1231 trtshop
411 1169 461 1217 ha,
517 1143 698 1207 intellectis
717 1144 847 1208 meritis
864 1166 966 1208 cause
983 1144 1235 1227 appellacionis
1249 1166 1269 1206 a
1281 1144 1430 1225 quadam
1446 1144 1625 1207 sentencia

301 1234 462 1346 'curstderelu
514 1241 661 1306 diffinita
701 1265 761 1326 per
799 1243 979 1307 officialem
1022 1243 1125 1308 Curie
1166 1258 1281 1308 nostre
1326 1243 1430 1306 Ebor.
1472 1256 1506 1307 et
1547 1243 1623 1307 eius

300 1315 471 1412 iiosspffin.
516 1341 804 1406 Commissarium
845 1345 1044 1426 generalem
1085 1364 1190 1425 super
1220 1343 1513 1426 augmentacione
1546 1364 1624 1425 por-

300 1429 653 1543 'Ceffi‘fflssmcionum
687 1442 893 1505 vicariarum
927 1445 1009 1506 eccl.
1045 1443 1229 1525 collegiate
1264 1442 1405 1526 Rypon'
1440 1463 1550 1524 nuper
1581 1464 1623 1505 ex

298 1571 460 1622 augmenta.
513 1539 629 1604 officio
663 1556 780 1605 nostro
804 1554 923 1605 contra
948 1541 1147 1624 Capitulum
1176 1542 1286 1624 ipsius
1310 1542 1391 1606 eccl.
1422 1540 1564 1625 Rypon'
1590 1554 1624 1604 et

299 1624 462 1753 {¹2³2ssngss
513 1639 713 1724 singulares
767 1641 955 1704 canonicos
1008 1641 1162 1704 eiusdem
1213 1654 1304 1705 mote
1351 1640 1623 1705 Commissarios

515 1751 652 1802 nostros
686 1761 754 1802 vna
786 1761 863 1803 cum
897 1740 975 1803 aliis
1007 1741 1154 1825 collegis
1185 1741 1259 1804 suis
1291 1743 1357 1805 sub
1388 1754 1479 1804 certa
1511 1739 1623 1804 forma

512 1839 708 1920 specialiter
723 1839 907 1921 deputatos
925 1841 994 1902 lata
1010 1841 1077 1903 sub
1095 1841 1159 1903 hac
1176 1839 1297 1904 forma.

322 2032 498 2108 t‘setnntnary
602 2024 640 2087 ln
683 2026 747 2090 Dei
790 2026 941 2097 nomine,
978 2026 1104 2090 Amen.
1155 2028 1242 2091 Cum
1279 2048 1388 2109 nuper
1418 2026 1461 2089 ad
1498 2025 1619 2088 Divini

298 2100 401 2147 ret-nat.
512 2125 625 2189 cultus
650 2138 879 2209 augmentum
909 2147 948 2189 ac
975 2126 1191 2190 honestatem
1223 2127 1349 2209 pariter
1375 2138 1407 2189 et
1436 2125 1618 2188 utilitatem

413 2307 418 2317 ,
511 2225 592 2288 eccl.
630 2224 772 2309 Rypon'
806 2245 865 2307 per
897 2226 986 2289 bone
1025 2226 1190 2290 memorie
1225 2225 1406 2289 dominum
1441 2225 1616 2289 Thomam

297 2291 469 2418 A,{,¹,¹{,‡‘,¹,¹„⁸p
514 2323 616 2387 Ebor.
648 2324 860 2407 arclriep’um
894 2325 1091 2388 ordinatum
1124 2325 1291 2388 canonice
1323 2325 1492 2388 diceretur
1523 2324 1617 2405 quod

298 2421 636 2534 Cgvl’iffdffi'textunc
665 2425 918 2506 imperpetuum
948 2425 1080 2508 singuli
1107 2424 1274 2488 Canonici
1300 2425 1381 2488 eccl.
1412 2423 1553 2507 Rypon'
1580 2423 1614 2485 in

295 2502 484 2600 iachc‘irnori
510 2524 584 2588 suis
623 2524 808 2606 prebendis
846 2525 999 2608 singulis
1038 2525 1200 2608 singulos
1233 2536 1417 2607 perpetuos
1448 2523 1616 2587 haberent

297 2616 475 2728 3⁴¹¹⁰¹¹¹dh³lf
511 2623 669 2700 vicarios,
712 2623 770 2704 qui
810 2645 927 2686 curam
967 2624 1162 2686 animarum
1209 2623 1499 2706 parochianorum
1542 2643 1617 2705 pre-

295 2691 456 2794 ΐῑῗξῖρξῑῗῖζὶ
511 2722 701 2785 bendarum
758 2723 909 2804 ipsarum
960 2723 1092 2807 singuli
1140 2723 1365 2808 singulariter
1412 2722 1612 2805 reciperent,

297 2811 493 2870 cureofsous
510 2836 681 2907 gererent,
708 2835 741 2886 et
767 2823 946 2887 actualiter
973 2836 1202 2900 excercerent,
1228 2845 1269 2887 ac
1296 2815 1551 2887 'nichilominus
1580 2822 1614 2884 in

512 2922 586 3004 ipsa
610 2923 691 2986 eccl.
714 2923 854 2986 matrice
881 2923 1022 3007 Rypon'
1045 2924 1258 2988 deseruirent
1282 2923 1413 2987 diuinis
1436 2922 1617 3004 obsequiis

511 3022 639 3106 iugiter
667 3021 868 3098 inherendo
900 3044 1049 3104 quorum
1075 3023 1283 3087 vicariorum
1313 3023 1459 3104 quilibet
1489 3044 1510 3084 a
1543 3043 1618 3104 pre-

296 3117 457 3230 iiiiiigstx
511 3121 677 3185 bendario
708 3121 852 3185 domino
879 3144 944 3186 suo
972 3144 1032 3186 sex
1062 3144 1195 3186 marcas
1222 3144 1359 3186 annuas
1386 3143 1448 3205 pro
1471 3121 1544 3185 suis
1569 3123 1617 3201 (6)

297 3247 495 3309 marksayear
510 3220 693 3303 stipendiis
719 3235 751 3285 et
779 3222 919 3285 nomine
946 3222 1136 3286 eorundem
1165 3223 1267 3286 certis
1290 3222 1373 3284 anni
1399 3221 1616 3303 temporibus

296 3311 418 3426 {32:3¹⁵
511 3320 709 3402 perciperet,
747 3321 859 3384 modis
890 3322 993 3385 etiam
1026 3321 1235 3403 quibusdam
1276 3335 1309 3384 et
1347 3320 1617 3385 execucionibus

394 3411 400 3425 ⁴
509 3419 663 3496 adiectis,
694 3441 761 3502 que
789 3433 903 3484 tamen
933 3421 1107 3503 stipendia
1138 3444 1199 3485 seu
1231 3421 1359 3485 salaria
1391 3420 1612 3494 vicariorum,

511 3518 731 3583 Venerabilis
771 3534 867 3602 pater
905 3520 982 3584 d’ns
1019 3520 1222 3585 Willelmus
1257 3520 1322 3583 Dei
1355 3520 1474 3605 gracia
1507 3519 1611 3583 Ebor.

323 3666 347 3715 A
349 3667 495 3731 renuisnop
510 3623 717 3706 Archiep’us
742 3623 874 3707 Anglie
898 3624 1035 3687 Primas
1057 3624 1116 3707 qui
1141 3645 1233 3687 nunc
1254 3637 1316 3699 est,
1343 3624 1376 3684 in
1400 3644 1464 3686 suo
1486 3636 1616 3687 statuto

297 3731 399 3780 Metron
508 3743 614 3805 super
646 3723 951 3805 prebendariorum
982 3723 1174 3787 residencia
1206 3724 1239 3785 in
1272 3723 1353 3787 eccl.
1389 3722 1541 3806 Rypon',
1573 3722 1615 3786 de

296 3797 412 3845 ordered
427 3800 707 3898 ¹¹¹⁸communa,
739 3823 840 3887 certis
871 3845 913 3887 ex
945 3824 1061 3887 causis
1092 3845 1169 3886 eum
1203 3824 1246 3886 ad
1279 3823 1345 3886 hoc
1378 3821 1611 3898 mouentibus,

295 3863 406 3910 abovet
438 3864 455 3910 b

296 3878 472 3989 paidouiori
509 3921 685 3984 ordinauit
713 3923 863 4005 persolui
890 3923 1025 3987 debere.
1091 3924 1250 4004 Cumque
1282 3922 1371 3985 idem
1406 3921 1615 3985 venerabilis

294 3994 340 4040 the
353 4008 478 4042 common
649 4021 655 4032 ·
748 4022 786 4033 ··
848 4022 854 4034 ·
910 4022 915 4033 ·
1071 4022 1077 4033 ·
1266 4022 1271 4033 ·
1365 4021 1370 4032 ·
1571 4021 1588 4052 ,-

295 4058 369 4115 tund,
511 4033 606 4103 pater
648 4043 682 4083 rn
722 4023 986 4086 vrsrtacrontbus
1025 4044 1098 4086 surs
1137 4044 1225 4103 quas
1265 4043 1297 4083 rn
1338 4021 1429 4084 dicta
1467 4021 1613 4084 ecclesia

508 4120 669 4192 exercuit,
695 4122 846 4184 clamore
872 4122 1011 4204 publico
1037 4120 1202 4185 referente
1227 4121 1367 4204 pluries,
1395 4120 1613 4203 comperiens

510 4218 691 4301 porciones
729 4220 898 4284 dictorum
940 4221 1147 4284 vicariorum
1189 4219 1260 4284 lore
1293 4220 1396 4283 nimis
1428 4232 1548 4282 tenues
1580 4233 1614 4283 et

293 4322 470 4398 burthongln
508 4318 626 4395 exileS,
671 4341 711 4383 ac
756 4341 861 4403 super
908 4320 1157 4384 insufficiencia
1204 4320 1356 4402 ipsarum
1406 4319 1610 4401 porcionum

293 4387 490 4436 nrnsnffierent.
509 4432 664 4501 porrecta
709 4441 750 4482 ex
794 4433 889 4502 parte
929 4420 1083 4502 ipsorum
1125 4420 1331 4483 vicariorum
1371 4419 1481 4482 eidem
1524 4419 1610 4500 patri

506 4518 657 4600 quadam
705 4519 998 4602 interpellacione,
1040 4534 1193 4583 tenorem
1237 4520 1296 4600 qui
1336 4519 1493 4600 sequitur
1530 4539 1594 4581 con

507 4618 647 4683 tinente.
