3950 5625
705 700 800 766 Acrs
822 718 869 766 or
891 699 1071 765 Crimen.
1382 697 1444 782 169

330 882 437 944 matri
462 879 615 965 predicte
639 879 765 965 xpiane
788 879 799 963 j
826 884 943 964 togam
967 879 1010 943 de
1034 879 1149 943 blodio
1173 879 1341 942 furratam
1364 899 1444 942 cum

332 983 437 1068 Gray,
468 989 503 1048 et
530 984 540 1067 j
572 984 745 1048 colobium
773 984 815 1047 de
844 983 1005 1048 Skarlett.
1055 983 1144 1047 Item
1173 983 1247 1068 lego
1276 981 1374 1046 Ric'o
1402 982 1444 1046 de
1516 976 1518 981 ’

334 1088 543 1174 Kelynghall
569 1088 591 1172 ij
621 1088 779 1152 cocliaria
805 1095 977 1172 argentea.
1027 1087 1216 1151 Residuum
1242 1107 1324 1151 vero
1350 1108 1442 1151 omn.

331 1194 502 1257 bonorum
524 1213 678 1257 meorum
701 1193 746 1256 do
767 1199 802 1257 et
824 1192 898 1276 lego
919 1191 1130 1255 ordinacioni
1152 1192 1311 1255 d'norum
1333 1191 1444 1273 Joh’is

332 1298 374 1361 de
405 1298 502 1362 Dene
533 1302 568 1361 et
599 1297 710 1380 Joh'is
740 1296 782 1360 de
815 1296 1034 1380 Kelynghall‚
1066 1316 1153 1379 quos
1183 1296 1357 1360 constituo
1387 1315 1444 1358 ex-

331 1407 487 1466 ecutores
508 1422 602 1465 meos
623 1408 663 1465 vt
685 1401 749 1485 ipsi
771 1401 930 1465 ordinent
952 1421 1015 1483 pro
1037 1401 1152 1465 anima
1173 1420 1250 1464 mea
1271 1407 1374 1482 prout
1396 1399 1444 1463 eis

331 1506 452 1570 melius
470 1505 619 1570 viderint
636 1489 807 1589 expedire,
827 1512 881 1569 etc.
942 1505 1145 1583 (Probatum
1162 1510 1212 1568 est
1231 1525 1291 1588 per
1307 1504 1442 1587 Cap''¹).¹

335 1722 422 1803 (252)
462 1720 572 1784 Corra
609 1736 835 1783 rasrnuanrr
873 1718 993 1801 Jou'rs
1031 1734 1080 1780 oe
1117 1719 1355 1782 chnanono
1393 1735 1441 1781 nr

377 1824 694 1889 Srarnanrccnrs.

421 1992 461 2055 In
477 1991 541 2054 Dei
556 1991 704 2066 nomine,
720 1990 841 2054 Amen.
889 1989 952 2052 Die
967 1989 1093 2052 mensis
1107 2009 1203 2072 prox,
1220 1995 1298 2072 post
1314 1990 1440 2053 festum

333 2095 539 2160 Natiuitatis
561 2097 662 2159 beate
687 2095 791 2158 Marie
813 2094 960 2178 Virginis
981 2093 1082 2157 Anno
1106 2093 1185 2156 D’ni
1211 2092 1327 2157 Mill’io
1346 2103 1441 2157 ccc'¹¹⁰

333 2200 553 2285 nonogesimo
581 2220 684 2274 n0n0,
714 2199 787 2283 Ego
816 2197 933 2280 Joh’es
961 2198 1004 2263 de
1034 2197 1260 2271 Richemund,
1289 2198 1378 2262 bone
1406 2205 1440 2263 et

333 2325 413 2369 sane
434 2303 607 2379 memorie,
630 2303 740 2367 condo
762 2308 1011 2366 testamentum
1032 2302 1066 2365 in
1088 2302 1179 2366 hunc
1199 2301 1351 2366 modum.
1400 2303 1440 2367 In

334 2409 460 2493 primis,
485 2408 559 2493 lego
581 2408 733 2472 animam
756 2427 869 2471 meam
891 2407 965 2470 Deo
987 2407 1238 2490 Omnipotenti‚
1262 2413 1295 2470 et
1318 2427 1441 2491 corpus

333 2533 446 2577 meum
481 2512 525 2576 ad
559 2511 793 2595 sepeliendum
827 2511 862 2574 in
896 2511 1064 2575 cimiterio
1098 2510 1191 2574 beati
1225 2510 1371 2575 Wiliridi
1406 2512 1440 2576 in

335 2615 481 2700 Rypon'.
531 2616 574 2680 It’
613 2616 687 2700 lego
724 2636 786 2700 pro
823 2615 1054 2679 celebracione
1090 2613 1342 2679 Trentallarum
1378 2636 1441 2700 pro

333 2720 447 2785 anima
470 2741 547 2784 mea
568 2741 629 2805 per
651 2720 846 2804 capellanos
866 2720 1029 2802 ydoneos,
1047 2741 1069 2783 x
1091 2719 1124 2784 li.
1173 2719 1216 2782 It'
1234 2719 1308 2804 lego
1328 2720 1440 2784 eccl’ie

333 2826 374 2890 de
406 2826 661 2910 Bemyngham,
694 2826 756 2889 xls.
806 2825 849 2889 It'
882 2825 956 2909 lego
988 2844 1123 2889 summo
1155 2824 1254 2889 altari
1286 2826 1365 2891 eccl.
1398 2826 1441 2890 de

335 2930 587 3015 Bemyngham,
608 2951 723 2994 meum
743 2929 915 3013 optimum
934 2929 1191 2993 vestimentum.
1241 2929 1284 2994 lt’
1304 2930 1378 3015 lego
1397 2930 1442 2995 ad

333 3035 505 3118 picturam
524 3035 694 3119 ymaginis
714 3034 780 3098 S'ci
801 3034 984 3109 Michaelis,
1006 3054 1080 3097 xxs
1130 3033 1173 3098 lt’
1194 3034 1268 3118 lego
1287 3034 1378 3117 Joh'i
1400 3035 1442 3099 de

334 3139 473 3223 Euesby
499 3139 542 3203 de
569 3138 796 3214 Richemund,
824 3159 898 3203 xxs.
949 3138 992 3201 lt’
1020 3138 1094 3222 lego
1122 3138 1311 3222 Margarete
1336 3139 1441 3203 sorori

335 3262 407 3307 mee
438 3264 551 3307 meam
582 3244 751 3328 optimam
782 3243 914 3327 peciam
945 3242 1078 3327 argenti
1108 3262 1187 3307 cum
1218 3244 1440 3327 coopertorio.

335 3346 377 3411 lt'
397 3347 473 3432 lego
491 3368 551 3412 sex
569 3347 760 3432 Capellanis
778 3348 987 3412 secularibus
1006 3345 1124 3412 diuina
1142 3347 1362 3412 celebraturis
1381 3368 1442 3433 pro

334 3452 449 3516 anima
470 3472 548 3516 mea
570 3459 604 3515 et
626 3473 689 3537 pro
711 3452 893 3517 animabus
915 3451 1042 3537 quibus
1064 3471 1160 3516 orare
1183 3458 1302 3516 teneor
1322 3458 1357 3517 ot
1380 3472 1442 3538 pro

334 3556 515 3621 animabus
546 3556 590 3620 de
621 3557 748 3642 quibus
781 3556 912 3642 aliquid
944 3556 1070 3621 iniuste
1104 3556 1208 3621 habui
1241 3577 1301 3642 per
1334 3578 1441 3623 vnum

334 3681 473 3736 annum,
512 3660 595 3743 xxiij
636 3661 669 3725 li,
718 3661 807 3725 Item
845 3661 925 3726 volo
961 3660 1056 3746 quod
1094 3660 1237 3745 predicti
1274 3662 1439 3746 capellani

334 3765 581 3848 provideantur
597 3773 632 3829 et
650 3765 851 3831 ordinentur
869 3786 929 3851 per
946 3765 1043 3830 d'nm
1063 3765 1235 3830 Simonem
1253 3765 1296 3829 de
1314 3766 1441 3832 Carlole

334 3877 368 3933 et
403 3870 540 3953 Joh’em
576 3869 717 3935 fratrem
752 3871 824 3935 eius
859 3877 894 3935 et
929 3875 1129 3935 executores¹
1164 3889 1266 3934 meos,
1317 3870 1359 3935 lt'
1395 3871 1441 3937 do

335 3973 545 4037 Lonwathe²
581 3974 736 4039 clausum
779 3995 894 4040 meum
940 3974 1040 4040 rectis
1086 3972 1267 4040 heredibus
1310 3974 1441 4042 'bromo

334 4076 574 4162 Applegarthe.
623 4078 666 4142 It’
687 4078 733 4144 do
753 4079 883 4144 Thome
903 4078 1146 4162 Whytelamlu
1167 4099 1273 4144 vnum
1291 4099 1440 4146 mcum·

333 4181 425 4263 gium
468 4182 503 4245 in
549 4181 762 4248 Richemond
805 4182 900 4269 quod
945 4202 1143 4268 roeuperarn
1189 4202 1306 4248 versus
1348 4205 1438 4261 ιειιηι,

334 4285 505 4350 reddendo
522 4285 601 4350 inde
618 4287 799 4353 annuatim
817 4287 918 4352 michi
936 4294 971 4351 et
990 4286 1171 4352 heredibus
1188 4286 1271 4352 ineis
1287 4287 1440 4375 quinque

333 4388 456 4453 solidos
474 4390 520 4454 ad
538 4389 628 4454 festa
646 4390 784 4457 Martini
803 4397 838 4456 et
859 4391 1078 4458 limitamus
1095 4390 1192 4478 mnis
1210 4390 1437 4478 prusiouilms,

334 4490 379 4555 Et
416 4494 445 4557 si
482 4493 670 4558 Nicholaus
707 4495 899 4561 Tauernere
938 4494 1065 4582 worn
1105 4501 1295 4562 immutare
1335 4515 1439 4563 vnum

332 4604 462 4662 cartam
500 4598 672 4664 talliatam
709 4599 753 4665 de
790 4596 976 4684 mesuagijs
1010 4596 1098 4664 iutra
1133 4597 1363 4666 Martius-orte
1395 4600 1439 4666 de

398 4799 671 4853 quintanae
744 4799 1002 4856 “ottmwattwr
