3950 5625
468 702 510 765 42
744 683 828 747 Tun
854 684 1010 747 ruenni
1036 682 1296 747 Mnuuscnrpr.

860 859 930 939 (50)
955 858 1165 923 Sronstsu.

549 996 675 1077 (Grant
691 1009 725 1060 to
743 995 902 1058 William
921 995 963 1059 de
983 994 1236 1058 Mammecestr’
1253 994 1321 1057 and
1340 993 1395 1057 his
1409 993 1503 1057 heirs

747 1110 782 1159 to
799 1096 888 1159 have
900 1117 921 1158 a
936 1094 1059 1178 chapel
1077 1107 1112 1158 at
1129 1094 1301 1178 Studley).

558 1230 615 1293 As
652 1231 762 1304 above,
791 1238 828 1313 p.
850 1246 909 1314 37,
943 1231 1025 1292 with
1061 1230 1170 1312 slight
1205 1230 1324 1292 verbol
1357 1227 1572 1311 differenrer.

470 1331 537 1411 (19)
563 1329 644 1395 Hiis
660 1331 816 1406 testibus,
838 1329 1016 1413 magistris
1040 1327 1173 1394 Galfrid
1197 1330 1240 1392 de
1261 1328 1400 1406 Larder‚
1423 1329 1577 1393 Lauren-

469 1429 523 1493 cio
567 1429 610 1493 de
655 1428 809 1512 Topklif,
854 1444 887 1493 et
933 1429 1102 1512 magistro
1140 1429 1280 1493 Thoma
1317 1429 1360 1494 de
1400 1429 1572 1514 Kirkeby‚

468 1528 657 1593 Canonicis
698 1527 840 1612 Ripon',
874 1528 956 1592 d’no
988 1528 1121 1592 Garino
1152 1528 1194 1592 de
1226 1529 1368 1611 Aquila,
1405 1528 1498 1593 Rob.
1534 1528 1576 1593 de

471 1628 674 1705 Monketon‚
713 1628 831 1692 Alano
864 1628 907 1693 de
943 1628 1095 1705 Aldfeld,
1131 1629 1293 1693 Will’mo
1330 1630 1373 1693 de
1406 1629 1573 1706 Cluther’,

470 1726 631 1792 Will’mo
647 1729 689 1792 de
705 1728 885 1812 Stodelay‚
904 1741 937 1793 et
953 1728 1043 1796 aliis-

913 1917 984 1997 (5¹)
1010 1916 1125 1978 Dntt.

299 2092 314 2124 c
342 2091 368 2123 12
386 2091 411 2124 0,
522 2051 685 2132 (Licence
697 2050 749 2116 for
764 2073 785 2115 a
801 2053 948 2136 chantry
966 2051 1000 2113 in
1018 2051 1076 2114 the
1092 2052 1213 2134 chapel
1233 2050 1272 2115 oi
1285 2051 1385 2115 Will.
1408 2052 1517 2133 Dall).

293 2232 323 2265 es
345 2216 453 2265 incera.
557 2187 733 2252 Omnibus
764 2187 822 2270 xpi
854 2185 1017 2252 fidelibus
1051 2187 1095 2250 ad
1134 2209 1223 2269 quos
1263 2188 1358 2252 litere
1397 2203 1576 2271 presentes

471 2289 701 2371 peruenerint.
775 2287 976 2370 Capitulum
1025 2287 1093 2351 S’ci
1142 2286 1298 2350 Wilfridi
1344 2288 1388 2352 de
1429 2288 1572 2372 Ripon',

469 2389 616 2452 salutem
642 2389 676 2450 in
708 2387 811 2450 D’n0.
873 2387 1051 2451 Noueritis
1074 2408 1137 2451 nos
1158 2388 1202 2451 ad
1228 2388 1434 2471 peticionem
1462 2389 1575 2452 Will’i

471 2487 551 2550 Dall
583 2487 625 2551 de
656 2487 839 2550 Thornton
872 2487 914 2550 de
944 2487 1122 2550 communi
1155 2487 1303 2552 consilio
1334 2502 1368 2552 et
1398 2510 1572 2553 consensu

468 2587 610 2670 capituli
628 2587 735 2651 nostri
753 2586 967 2650 concessisse
983 2599 1017 2650 et
1034 2587 1184 2669 presenti
1202 2587 1331 2670 scripto
1348 2587 1575 2653 confirmasse

467 2685 579 2750 eidem
613 2685 736 2750 Will’o
766 2698 799 2750 et
838 2686 952 2750 hered.
983 2685 998 2770 j
1039 2686 1238 2751 Cantariam
1272 2688 1306 2751 in
1339 2688 1483 2772 Capella
1510 2711 1575 2753 sua

467 2786 560 2869 apud
578 2787 633 2872 (19
645 2788 694 2869 v.)
714 2787 946 2870 Dall,1quam
965 2786 1093 2852 ibidem
1116 2787 1150 2850 in
1169 2787 1264 2851 curia
1280 2810 1344 2853 sua
1367 2789 1571 2854 construxit.

469 2887 521 2949 lta
559 2887 719 2951 videlicet
756 2888 849 2969 quod
889 2888 990 2950 liceat
1028 2887 1139 2951 eidem
1173 2886 1298 2952 Will'o
1328 2902 1362 2952 et
1393 2889 1508 2952 hered.
1544 2911 1571 2953 s.

469 2986 646 3069 proprium
665 2986 792 3051 habere
809 2986 1039 3069 Capelianum
1058 2987 1208 3070 propriis
1224 2989 1423 3071 sumptibus
1442 2988 1576 3052 Diuina

468 3086 596 3150 ibidem
627 3087 859 3151 celebrantem
892 3087 1175 3170 quandocunque
1206 3088 1365 3165 voluerit,
1399 3090 1499 3153 saluo
1539 3089 1574 3152 in

468 3186 633 3249 omnibus
673 3197 706 3249 et
745 3206 805 3268 per
842 3186 961 3250 omnia
1000 3187 1074 3251 iure
1113 3187 1265 3252 matricis
1303 3189 1457 3253 ecclesie.
1530 3189 1575 3252 Et

468 3286 647 3350 sciendum
681 3287 775 3369 quod
815 3285 1027 3368 Capelianus
1066 3288 1279 3370 quicumque
1318 3308 1380 3370 pro
1419 3300 1575 3371 tempore

468 3387 570 3451 luerit
596 3387 698 3451 debet
726 3388 914 3470 presentari
943 3387 1035 3451 dicto
1061 3387 1223 3470 Capitulo
1248 3386 1317 3451 S’ci
1346 3386 1514 3464 wilfridi,
1541 3400 1576 3451 et

469 3486 595 3551 ibidem
615 3488 781 3570 prestabit
803 3489 1034 3551 iuramentum
1061 3486 1238 3551 fidelitatis
1261 3499 1294 3551 et
1317 3487 1518 3552 obediencie
1541 3502 1576 3551 et

469 3587 595 3651 iurabit
610 3587 704 3670 quod
721 3586 868 3651 fideliter
883 3608 921 3651 se
942 3587 1084 3651 habebit
1108 3608 1192 3672 erga
1208 3587 1338 3650 dictum
1356 3587 1571 3670 Capitulum,

468 3700 500 3751 et
516 3687 670 3751 seruabit
686 3686 720 3748 in
738 3688 903 3751 omnibus
921 3687 996 3750 iura
1013 3686 1164 3769 Capituli
1189 3687 1297 3751 illesa.
1350 3687 1394 3750 Et
1416 3688 1444 3751 si
1469 3709 1576 3770 super

468 3784 670 3849 infidelitate
702 3786 755 3849 vel
785 3785 1043 3849 incontinencia
1073 3787 1240 3851 canonice
1265 3786 1375 3869 possit
1397 3786 1571 3864 conuinci‚

468 3886 599 3950 licitum
631 3885 676 3949 sit
703 3884 866 3968 Capitulo
895 3886 1010 3969 ipsum
1038 3908 1203 3951 amouere
1230 3900 1264 3951 et
1291 3887 1398 3950 alium
1427 3888 1471 3950 ad
1500 3909 1576 3971 pre·

468 3984 703 4049 sentacionem
737 3985 817 4049 dicti
850 3984 962 4049 Will'i
995 3999 1029 4049 et
1060 3986 1175 4051 hered.
1203 4008 1346 4051 suorum
1378 3986 1570 4051 admittere.

471 4089 510 4150 ln
539 4086 644 4149 huius
676 4086 722 4149 rei
747 4086 985 4150 testimonium
1011 4098 1081 4149 tam
1107 4087 1263 4171 sigillum
1289 4086 1441 4170 Capituli
1466 4107 1572 4169 quam

468 4186 625 4271 sigillum
639 4185 720 4249 dicti
735 4185 847 4247 Will'i
863 4185 943 4249 huic
956 4186 1085 4269 scripto
1098 4199 1180 4250 sunt
1191 4208 1348 4270 appensa
1361 4187 1569 4250 alternatim.

470 4286 551 4350 Hiis
568 4284 724 4361 testibus,
745 4284 946 4349 Venerabili
966 4298 1062 4368 patre
1076 4285 1235 4349 Waltero
1249 4285 1354 4351 Ebor.
1372 4285 1570 4368 Archiep’o‚

470 4385 643 4470 Magistro
672 4384 833 4448 Will’mo
856 4386 899 4449 de
924 4386 1087 4469 Langton
1114 4385 1256 4449 Archid.
1286 4386 1406 4461 Ebor.,
1436 4384 1574 4468 Mag’ro

469 4484 626 4550 Gallrido
650 4485 692 4548 de
718 4484 856 4561 Larder‚
886 4483 1025 4569 Mag’ro
1049 4484 1188 4547 Thoma
1211 4485 1254 4547 de
1280 4484 1449 4568 Kirkeby,
1481 4484 1574 4547 D'no

471 4584 548 4649 Ric.
582 4584 626 4648 de
664 4584 809 4662 Yarum‚
844 4584 1023 4647 canonicis
1064 4583 1206 4667 Ripon',
1244 4584 1337 4647 D’no
1368 4582 1492 4646 Will’o
1530 4583 1573 4646 de

503 4787 510 4810 ¹
530 4782 591 4831 Dall
606 4779 685 4846 juxta
698 4780 846 4830 Thornton.
884 4781 964 4831 Mem.
979 4782 1055 4847 Rip„
1071 4782 1091 4841 l,
1109 4783 1172 4846 1583
1192 4782 1226 4840 11,
1242 4795 1300 4845 7512.
