3950 5625
772 702 866 768 Acrs
890 721 936 768 or
958 704 1138 771 enarrer,
1447 721 1508 790 145

491 885 590 960 item,
612 883 758 969 quilibet
779 882 946 967 fugitiuus
968 884 1002 948 in
1024 884 1134 967 prima
1156 885 1361 950 admissione
1382 906 1444 950 sua
1465 886 1510 949 ad
1548 882 1700 999 Q&

399 989 596 1053 libertatern
615 988 657 1052 de
676 987 892 1051 obseruando
911 988 1065 1070 predicta
1084 990 1306 1072 corporaliter
1324 991 1422 1055 iuret.
1586 1031 1658 1065 man.

489 1142 588 1216 Item,
623 1139 717 1225 quod
750 1138 910 1222 Capitula
943 1140 1173 1205 ordinacionis
1205 1142 1296 1206 facte
1329 1163 1389 1226 per
1421 1143 1509 1206 bone
1540 1123 1705 1249 cggssgssffig

401 1245 562 1309 memorie
578 1244 616 1309 T.
635 1249 670 1307 et
686 1243 739 1307 W.
758 1242 890 1308 dudum
907 1242 1189 1328 Archiepiscopos
1207 1247 1309 1310 Ebor.
1329 1246 1510 1331 tangencia
1531 1257 1669 1304 ministers
1684 1260 1715 1302 to

401 1349 574 1412 ministros
601 1347 738 1411 ecclesie
769 1344 836 1430 (pp.
861 1345 951 1428 6-9),
977 1348 1132 1431 quolibet
1159 1370 1274 1413 mense
1299 1350 1333 1413 in
1358 1349 1510 1433 capitulo
1536 1323 1714 1452 ξξξξιῖἶῒζξῗ

401 1451 514 1528 semel,
539 1452 698 1517 omnibus
721 1450 886 1515 ministris
905 1452 1131 1534 presentibus,
1156 1453 1317 1516 distincte
1341 1453 1508 1534 legantur,
1541 1457 1626 1505 house
1637 1470 1704 1503 once

344 1638 347 1642 Δ
401 1561 436 1619 et
452 1562 571 1620 contra
590 1555 828 1639 delinquentes
846 1554 908 1618 liat
926 1556 1102 1639 exequcio.
1554 1539 1571 1571 ἢ
1585 1522 1692 1571 monui.

488 1709 588 1783 item,
624 1706 719 1792 quod
755 1707 868 1772 nullus
904 1707 1052 1771 vicarius
1089 1708 1144 1771 vel
1180 1710 1337 1773 minister
1372 1710 1510 1773 ecclesie
1525 1723 1567 1770 au
1582 1723 1722 1771 ornations

402 1812 551 1897 aliquam
575 1811 757 1895 pecuniam
783 1811 825 1874 de
850 1811 1085 1875 oblacionibus
1111 1812 1276 1876 faciendis
1301 1814 1366 1877 sibi
1391 1820 1509 1878 aucto·
1524 1790 1721 1904 {giffehgl'l‘g'ff

402 1916 504 1980 ritate
545 1917 683 2000 propria
725 1921 851 1989 sumat,
894 1921 946 1978 set
989 1915 1130 1979 clericus
1173 1938 1254 1981 suus
1297 1917 1509 1982 oblacionem
1533 1923 1645 1998 bedain,
1661 1923 1724 1969 who

402 2019 569 2102 integram
590 2019 777 2083 camerario
797 2024 915 2083 nostro
937 2021 1110 2095 restituat,
1134 2027 1168 2084 et
1190 2021 1284 2104 quod
1306 2022 1435 2086 vicario
1455 2022 1509 2086 vel
1530 1989 1722 2104 ,fflt‘issudnfffl

402 2122 521 2187 clerico
540 2143 581 2187 ex
601 2122 848 2188 consuetudine
868 2122 1013 2187 debetur
1031 2127 1238 2189 camerarius
1258 2126 1430 2199 refundat,
1450 2127 1509 2210 qui

402 2227 639 2291 contrafecerit
662 2227 798 2309 (blank).

489 2382 589 2456 item,
606 2387 780 2445 statutum
796 2386 830 2444 et
848 2380 1045 2445 ordinatum
1062 2388 1114 2445 est
1130 2382 1224 2467 quod
1242 2382 1326 2447 fines
1342 2388 1511 2448 terrarum
1561 2390 1641 2437 Fines
1660 2391 1689 2438 of

402 2491 436 2550 et
461 2492 736 2550 tenementorum
761 2505 827 2569 que
853 2490 934 2549 sunt
959 2486 1002 2548 de
1028 2491 1150 2550 tenura
1175 2486 1384 2571 singulorum
1410 2508 1511 2551 cano·
1542 2455 1707 2572 quqsgoepq,

402 2590 555 2654 nieorum
580 2589 718 2653 ecclesie
742 2596 858 2653 nostre
883 2609 952 2652 non
977 2589 1064 2654 fiant
1090 2610 1150 2673 per
1174 2591 1432 2667 seneschallum,
1459 2598 1510 2655 set
1525 2590 1724 2703 reqvieqbytlne

404 2714 463 2777 per
485 2694 597 2777 ipsum
621 2693 830 2758 Canonicum
855 2693 899 2756 ad
923 2714 1026 2778 quem
1050 2694 1210 2777 pertinet,
1236 2694 1290 2758 vel
1314 2715 1375 2778 per
1397 2696 1510 2760 locum
1546 2658 1700 2786 {ptesppad

404 2820 503 2864 suum
522 2805 696 2863 tenentem
716 2797 759 2863 ad
778 2798 842 2862 hoc
860 2798 1053 2881 specialiter
1070 2798 1288 2882 deputatum.
1571 2790 1675 2839 Canon.

489 2955 589 3029 Item,
631 2954 828 3018 ordinatum
869 2960 903 3017 et
943 2961 1117 3020 statutum
1158 2961 1220 3030 est,
1261 2956 1355 3040 quod
1395 2957 1509 3022 nullus
1547 2957 1700 3020 N010a1¹0d

402 3057 609 3121 admittatur
630 3058 664 3121 in
687 3057 896 3122 Canonicum
919 3065 953 3121 et
976 3059 1011 3122 in
1034 3060 1175 3123 fratrem
1198 3060 1261 3124 nisi
1285 3061 1509 3143 personaliter
1533 3028 1713 3137 &gingiber

402 3162 454 3225 vel
483 3183 543 3245 per
571 3167 827 3245 procuratorem
856 3182 934 3225 cum
963 3163 1141 3238 mandato,
1172 3164 1244 3227 siue
1272 3165 1507 3247 procuratorio
1531 3172 1709 3285 piiiiab'ibi-

402 3266 580 3331 sufficienti
611 3265 760 3350 legitime
791 3266 1032 3341 constitutum,
1065 3273 1275 3351 potestatem
1306 3269 1441 3333 iurandi
1472 3270 1506 3333 in
1579 3289 1665 3337 turum

401 3370 551 3435 animam
563 3370 693 3434 domini
704 3370 756 3434 sui
768 3370 810 3433 de
822 3371 1038 3434 obseruando
1049 3376 1185 3435 statuta
1197 3378 1231 3435 et
1243 3373 1507 3437 consuetudines
1562 3356 1679 3403 ‘’m''l'w·

401 3475 536 3538 ecclesie
559 3475 755 3550 habentem,
780 3475 962 3559 ipsumque
985 3476 1258 3558 procuratorium
1282 3496 1385 3558 penes
1408 3476 1506 3559 Capi-

400 3579 511 3644 tulum
535 3584 570 3642 et
593 3578 665 3642 eius
689 3584 766 3643 acta
790 3579 929 3642 omnino
953 3579 1120 3643 dimittat.
1167 3579 1328 3664 Alioquin
1352 3601 1414 3663 pro
1436 3601 1506 3645 non

403 3682 550 3747 admisso
569 3684 747 3747 habeatur.

486 3835 536 3900 Ac
569 3836 676 3900 eciam
710 3856 827 3900 omnes
860 3835 1068 3919 infrascripti
1102 3836 1229 3911 vicarii,
1265 3837 1299 3901 in
1332 3838 1505 3920 presencia
1555 3838 1657 3948 31408.

401 3938 483 4004 dicti
506 3939 656 4024 Capituli
679 3945 714 4003 et
738 3940 913 4004 reuerendi
937 3940 1001 4004 viri
1026 3940 1179 4023 Magistri
1203 3940 1303 4004 Alani
1327 3940 1503 4017 Newarke,
1536 3906 1701 4028 Τὴίρῦἰζζῐὸ

400 4044 490 4108 curie
519 4045 622 4108 Ebor.
655 4043 826 4118 aduocati,
857 4042 1082 4127 personaliter
1110 4044 1316 4127 congregati,
1347 4044 1417 4127 xvij
1451 4043 1505 4108 die
1542 4060 1621 4106 agree
1636 4046 1699 4094 that

400 4148 524 4211 mensis
545 4147 755 4231 Septembris
776 4147 877 4210 Anno
898 4147 1038 4210 Domini
1059 4159 1203 4210 m0eccc0
1226 4153 1360 4221 octauo
1383 4153 1505 4229 sponte
1519 4112 1718 4242 paeffissssiih

400 4257 434 4313 et
463 4251 535 4315 sine
565 4251 681 4335 aliqua
711 4248 943 4333 compulsione
973 4254 1171 4313 statuerunt
1202 4255 1236 4312 et
1267 4256 1505 4315 concesserunt
1532 4325 1566 4359 ex
1575 4245 1665 4358 θῐηξὲξ
1678 4310 1707 4359 01

400 4354 553 4419 vnanimi
574 4374 713 4418 assensu
735 4358 769 4415 et
790 4371 956 4416 consensu
971 4372 1034 4435 pro
1057 4372 1091 4414 se
1104 4358 1138 4414 et
1161 4352 1409 4415 successoribus
1425 4352 1505 4426 suis,
1533 4325 1605 4425 this}
1617 4377 1709 4425 house.

401 4459 493 4542 quod
517 4458 662 4543 quilibet
687 4455 834 4520 vicarius
859 4476 879 4517 a
903 4455 1014 4537 primo
1038 4456 1093 4518 die
1117 4474 1176 4518 sue
1201 4453 1448 4518 commissionis
1472 4456 1507 4520 in

402 4563 565 4627 vicariam
585 4581 684 4626 suam
707 4580 815 4644 vsque
836 4557 880 4621 ad
900 4558 1061 4622 ultimum
1082 4557 1171 4621 diem
1192 4577 1250 4621 sue
1271 4555 1510 4639 resignacionis

404 4667 474 4731 siue
502 4666 633 4740 mortis
662 4668 797 4727 sextam
824 4665 959 4744 partem
985 4660 1139 4724 omniurn
1166 4678 1392 4743 expensarum
1419 4660 1510 4725 dicte

405 4770 520 4835 domui
557 4789 618 4834 sue
655 4786 735 4830 curn
773 4762 992 4847 pertinenciis
1030 4762 1177 4826 libenter
1213 4768 1248 4828 et
1286 4761 1357 4825 sine
1395 4764 1512 4849 aliqua

586 4876 625 4922 10
