3950 5625
775 697 869 761 Acrs
892 714 937 762 or
960 697 1139 764 Cuarrax.
1449 718 1509 783 191

408 878 556 943 Will'mo
571 877 704 942 Norton
720 877 754 940 xl
768 875 864 940 solid.
914 876 1003 940 Item
1017 877 1092 962 lego
1107 878 1236 942 Rob'to
1251 879 1364 963 Selby‚
1380 879 1511 955 clerico,
1585 889 1671 938 Plate.

407 983 558 1069 quinque
576 1003 708 1048 marcas
726 987 760 1045 et
779 1002 885 1045 vnam
903 982 1035 1064 peciam
1055 984 1185 1066 argenti
1204 1004 1282 1048 cum
1301 984 1512 1068 cooperculo

408 1088 591 1152 formatam
621 1086 665 1151 ad
694 1086 836 1150 modum
864 1085 987 1160 calicis,
1019 1087 1205 1161 habentem
1234 1109 1329 1152 arma
1357 1089 1392 1152 in
1421 1109 1512 1153 sum-

406 1192 528 1257 mitate
570 1190 771 1274 cooperculi.
820 1190 909 1253 Item
951 1191 1026 1274 lego
1069 1190 1161 1273 Job’i
1204 1191 1318 1274 Jollan
1360 1193 1513 1277 quinque

406 1317 537 1361 marcas
554 1303 588 1360 et
605 1316 713 1360 vnum
729 1295 857 1358 lectum
874 1293 1033 1358 videlicet
1050 1294 1268 1360 Couerletum
1284 1318 1363 1361 cum
1380 1302 1510 1381 tapeto,
1547 1301 1698 1377 'Esquiren

407 1407 441 1464 et
461 1400 555 1483 Joh'i
575 1400 809 1483 Wyttyngton
830 1397 1007 1483 Armigero
1027 1399 1189 1463 seruienti
1210 1421 1296 1475 meo,
1319 1401 1354 1464 xl
1374 1401 1510 1477 solidos,
1525 1369 1568 1416 ¹¹¹³
1587 1376 1714 1418 servants

407 1511 441 1569 et
459 1505 609 1569 Will'mo
629 1503 792 1587 Hydwyn
812 1502 998 1587 Armigero‚
1019 1504 1180 1567 seruienti
1200 1525 1287 1580 meo,
1308 1526 1354 1569 xx
1374 1505 1509 1581 solidos

408 1615 441 1673 et
471 1609 609 1693 vtrique
640 1628 757 1672 eorum
788 1628 896 1671 vnum
926 1607 1055 1671 lectum
1085 1614 1124 1671 vt
1156 1629 1269 1691 supra.
1318 1610 1406 1674 Item
1437 1610 1511 1695 lego

408 1713 500 1797 Joh'i
518 1712 658 1796 Crosby,
677 1711 863 1776 camerario
880 1731 967 1786 meu,
986 1717 1126 1775 centum
1144 1712 1269 1776 solidos
1286 1720 1320 1777 et
1338 1714 1511 1778 meliorem

407 1818 534 1883 lectum
566 1837 681 1882 meum
713 1837 792 1881 cum
825 1821 901 1879 toto
934 1822 1115 1898 apparatu.
1163 1817 1210 1880 Et
1241 1817 1372 1882 Thome
1405 1818 1513 1883 Bruer

406 1923 557 2007 quinque
588 1942 731 1985 marcas.
779 1921 825 1984 Et
857 1919 987 1983 Thome
1020 1920 1152 2003 Fysche
1183 1921 1336 2006 quinque
1368 1943 1510 1987 marcas,

406 2028 452 2091 Et
465 2027 594 2092 Simoni
606 2046 688 2090 coco
700 2025 735 2089 xl
746 2024 882 2088 solidos.
929 2025 976 2088 Et
988 2024 1056 2087 ista
1067 2045 1148 2088 vero
1161 2025 1273 2110 legata
1285 2027 1512 2092 seruientibus
1551 2041 1644 2090 simon
1659 2043 1700 2091 his

405 2133 487 2196 meis
503 2132 622 2196 relicta
638 2130 717 2194 volo
733 2135 773 2193 vt
790 2129 902 2193 locum
920 2129 1071 2193 habeant
1089 2135 1123 2192 et
1140 2129 1292 2214 vigorem
1309 2131 1511 2196 dumtamen
1585 2109 1662 2157 ⁰⁰⁰¹*

404 2236 563 2301 steterint
587 2236 622 2299 in
647 2233 821 2318 obsequiis
846 2233 880 2297 in
906 2219 1078 2318 exsequijs
1103 2240 1257 2317 tempore
1281 2235 1401 2299 mortis
1425 2255 1510 2302 mee.

406 2341 494 2405 Item
515 2340 560 2404 do
580 2345 615 2403 et
635 2339 709 2423 lego
730 2337 923 2401 communie
943 2338 1150 2402 vicariorum
1171 2339 1307 2403 ecclesie
1328 2339 1511 2423 Collegiate
1554 2377 1649 2425 vicars
1666 2378 1696 2426 or

404 2445 504 2509 beate
536 2445 641 2508 Marie
673 2442 837 2507 Sutbwell
868 2442 1021 2527 quinque
1053 2463 1195 2517 marcaS,
1229 2444 1278 2507 ita
1310 2449 1348 2507 vt
1381 2443 1510 2508 iaciant
1546 2444 1704 2493 Southweu.

403 2569 527 2614 nomen
564 2568 679 2612 meum
716 2546 964 2611 inmatriculari
1001 2553 1035 2610 et
1073 2547 1210 2611 inscribi
1246 2547 1336 2611 inter
1371 2548 1512 2613 nomina

403 2653 550 2718 fratrum
570 2658 605 2716 et
625 2671 779 2716 sororum
800 2651 891 2714 dicte
912 2651 1049 2714 ecclesie
1070 2657 1104 2714 et
1124 2651 1158 2715 in
1180 2651 1234 2715 die
1254 2651 1369 2716 obitus
1389 2652 1456 2716 mei
1476 2652 1511 2717 in

404 2757 562 2842 Capitulo
579 2755 719 2841 singulis
736 2755 834 2820 annis
851 2755 986 2839 puplice
1003 2755 1068 2840 legi
1086 2761 1119 2820 et
1137 2755 1281 2821 recitari.
1331 2757 1419 2821 Item
1436 2757 1511 2842 lego

402 2862 602 2947 psalterium
626 2882 741 2924 meum
768 2860 819 2946 (69
839 2863 882 2942 v.)
905 2860 1077 2944 glosatum
1097 2881 1176 2924 cum
1195 2860 1289 2945 glosa
1308 2861 1509 2938 Cassiodori,
1569 2870 1680 2948 Notadf

402 2973 442 3031 vt
465 2967 510 3030 sit
533 2966 759 3030 cathenatum
782 2985 898 3028 coram
922 2964 1031 3028 stallis
1055 2965 1306 3047 prebendarum
1330 2966 1372 3030 de
1395 2966 1511 3051 Thorp
1559 2939 1686 3064 wlff

403 3077 436 3135 et
462 3071 709 3154 Staynwygges
734 3069 770 3132 in
796 3068 889 3132 dicta
915 3068 1055 3132 ecclesia
1081 3069 1122 3132 de
1149 3069 1286 3152 Rypon'
1313 3070 1440 3134 ibidem
1466 3070 1511 3135 ad

402 3175 591 3239 vtilitatem
614 3174 849 3237 ministrorum
873 3173 1010 3236 ecclesie
1036 3193 1098 3256 pro
1122 3179 1288 3257 perpetuo
1312 3194 1510 3257 permansu-

403 3299 489 3343 rum.
538 3278 627 3342 Item
639 3277 714 3361 lego
730 3276 789 3340 vni
802 3275 985 3359 Capeliano
999 3276 1042 3340 ad
1059 3276 1300 3341 celebrandum
1317 3298 1378 3360 pro
1395 3278 1510 3342 anima
1559 3285 1685 3361 Chantry

404 3403 479 3446 mea
501 3387 535 3445 et
557 3381 738 3445 animabus
760 3380 914 3444 omnium
936 3380 1194 3445 benefactorum
1216 3401 1381 3457 meorum,
1402 3382 1510 3446 omni·
1523 3357 1717 3468 cepffisattsetpm

404 3506 530 3571 umque
549 3486 701 3550 fidelium
720 3484 962 3549 defunctorum
982 3505 1043 3568 per
1061 3506 1168 3549 vnum
1188 3507 1317 3550 annum
1339 3486 1510 3571 integrum
1559 3486 1601 3534 his
1614 3486 1681 3535 ⁵0¹¹l·

404 3590 588 3656 inmediate
613 3596 692 3673 post
718 3594 865 3653 mortem
890 3609 1013 3664 meam,
1037 3589 1071 3653 in
1097 3590 1175 3654 eccl.
1199 3610 1276 3654 mea
1301 3590 1343 3654 de
1366 3590 1510 3655 Warton

404 3694 559 3779 predict,
600 3714 660 3757 sex
700 3713 843 3757 marcas,
892 3693 981 3757 Item
1023 3693 1102 3757 volo
1142 3694 1236 3778 quod
1276 3694 1352 3758 d'ns
1392 3695 1511 3778 Joh'es

404 3799 631 3883 Schyrbume,
655 3797 852 3881 capellanus
874 3818 1009 3862 mecum
1031 3818 1257 3874 commorans,
1280 3798 1426 3864 celebret
1449 3821 1511 3884 pro

404 3904 518 3968 anima
543 3923 620 3966 mea
644 3908 678 3966 et
702 3902 884 3966 animabus
908 3902 1062 3966 omnium
1086 3909 1270 3985 parentum
1293 3909 1328 3967 et
1352 3904 1509 3968 benefac-

404 4014 518 4072 torum
557 4027 710 4070 meorum
748 4006 970 4089 omniumque
1008 4006 1160 4070 fidelium
1197 4006 1438 4072 defunctorum
1475 4009 1510 4072 in

404 4111 555 4176 Ecclesia
581 4111 684 4175 Ebor.
712 4110 739 4172 si
765 4109 892 4173 ibidem
917 4130 972 4174 me
997 4110 1084 4174 mori
1109 4110 1300 4195 contigerit,
1327 4132 1387 4195 per
1411 4112 1510 4197 quin-

403 4216 590 4302 quennium
618 4235 714 4298 prox.
744 4220 822 4297 post
849 4221 996 4278 mortem
1024 4235 1147 4290 meam,
1176 4215 1240 4279 nisi
1267 4235 1345 4279 eum
1372 4216 1509 4281 interim

403 4319 595 4404 promoueri
627 4317 819 4401 contigerit,
853 4318 1070 4401 percipiendo
1103 4319 1201 4383 annis
1232 4319 1372 4403 singulis
1404 4320 1510 4403 ipsius

403 4422 627 4510 quinquennij
646 4427 786 4485 centum
801 4422 926 4485 solidos
942 4422 1079 4485 nomine
1094 4422 1255 4505 stipendij
1273 4423 1325 4486 sui
1341 4424 1508 4489 annualis.

403 4529 449 4593 Et
468 4527 547 4592 volo
564 4532 598 4590 et
615 4525 735 4589 ordino
754 4525 848 4609 quod
867 4525 1040 4608 Capeliani
1061 4525 1204 4609 predicti
1225 4546 1287 4608 pro
1303 4527 1418 4591 anima
1434 4548 1510 4591 mea

403 4639 442 4697 vt
464 4629 678 4716 premittitur
700 4627 782 4692 locis
805 4628 967 4712 predictis
992 4628 1204 4703 celebraturi,
1230 4628 1346 4694 dicant
1370 4630 1511 4714 singulis

403 4737 522 4804 diebus
547 4756 609 4820 pro
634 4731 750 4795 anima
773 4753 850 4795 mea
875 4737 910 4794 et
935 4732 1116 4795 animabus
1141 4731 1345 4814 supradictis
1369 4733 1510 4819 plenum
