3950 5625
422 686 484 772 136
771 690 850 756 Tur
875 688 1032 756 lscnnr
1055 688 1302 756 llnxcscmrr.

261 871 286 919 *d
301 871 380 946 9⁵⁰³!
419 877 584 934 consueta
624 891 684 954 per
722 870 856 934 dictum
895 870 1074 934 dominum
1114 870 1310 952 Johannem
1350 869 1455 952 Clynt
1496 876 1534 932 et

261 952 368 986 muer.
420 994 628 1038 successores
657 995 736 1039 suos
765 975 966 1058 Capellanos
995 974 1156 1038 Cantarie
1184 974 1337 1058 predicte
1366 973 1468 1037 nobis
1497 979 1533 1036 et

420 1080 670 1144 suecessoribus
698 1079 824 1143 nostris
850 1079 926 1143 loco
952 1086 988 1142 et
1017 1079 1172 1143 terminis
1198 1079 1361 1162 predictis
1388 1077 1533 1163 singulis

421 1183 519 1247 annis
552 1184 806 1268 imperpetuum
839 1204 899 1267 per
931 1183 1070 1267 equales
1102 1184 1279 1266 porciones
1311 1183 1459 1247 fideliter
1492 1189 1532 1246 vt

421 1391 590 1466 libertate,
618 1392 806 1476 priuilegio,
834 1398 869 1455 et
897 1393 1025 1455 honore
1051 1392 1159 1455 nostri
1187 1398 1222 1455 et
1249 1392 1387 1456 ecclesie
1413 1399 1533 1455 nostre

421 1496 573 1581 predicte
592 1497 627 1561 in
646 1498 806 1561 omnibus
823 1517 958 1580 semper
975 1496 1090 1560 saluis.

511 1651 551 1716 ln
578 1672 725 1735 quorum
753 1651 908 1715 omnium
937 1651 1174 1714 testimonium
1202 1656 1308 1734 atque
1335 1649 1439 1713 fidem
1468 1649 1532 1713 has

422 1756 538 1820 literas
549 1763 708 1839 patentes
720 1755 818 1839 sigilli
830 1754 938 1818 nostri
952 1755 1160 1837 appensione
1172 1755 1314 1818 fecimus
1325 1753 1531 1819 communiri

423 1859 503 1924 Dat.
523 1860 616 1943 apud
633 1860 749 1943 Thorp
766 1859 865 1922 iuxta
882 1858 985 1922 Ebor.
1005 1857 1138 1922 decimo
1155 1859 1210 1922 die
1226 1858 1353 1923 mensis
1369 1857 1528 1941 Januarij

422 1965 522 2029 Auno
552 1964 631 2029 D’ni
661 1964 814 2027 llill'imo
842 1975 941 2027 ccc¹¹¹⁰
969 1963 1186 2048 Sexagesimo
1219 1984 1321 2038 nono,
1350 1969 1385 2026 et
1413 1967 1532 2026 nostre

422 2069 659 2134 translacionis
678 2068 811 2133 decimo
829 2074 964 2132 octauo

925 2239 1027 2319 (211).

262 2398 374 2455 rso-70·
511 2391 556 2454 Et
575 2411 638 2454 nos
656 2389 854 2474 Capitulum
873 2389 1010 2453 ecclesie
1029 2390 1122 2454 beati
1142 2389 1235 2453 Petri
1254 2389 1370 2462 ebor„
1390 2388 1531 2451 Decano

261 2460 408 2600 laxam
422 2495 573 2560 eiusdem
613 2495 647 2558 in
688 2494 826 2558 remotis
866 2500 999 2578 agente,
1029 2494 1211 2577 prehabita
1249 2492 1453 2556 sufficienti¹
1496 2497 1531 2554 et
1575 2527 1582 2535 ·

261 2567 409 2667 lorkalalso
424 2606 576 2664 tractatu
598 2599 752 2683 diligenti
774 2599 833 2682 qui
856 2599 1041 2682 requiritur
1062 2599 1096 2661 in
1119 2599 1184 2661 hoc
1205 2619 1287 2661 casu
1309 2597 1351 2660 de
1372 2602 1407 2660 et
1429 2616 1532 2679 super

261 2684 408 2806 {mgna
423 2704 706 2788 augmentacione
730 2703 889 2766 Cantane
913 2703 1065 2786 predicte
1090 2702 1134 2765 ad
1159 2703 1347 2766 instantem
1371 2720 1531 2784 procura·

422 2808 555 2873 cionem
583 2806 727 2891 predicti
755 2807 826 2872 d'ni
855 2807 970 2873 Dauid
999 2807 1033 2872 in
1062 2807 1156 2871 dicta
1184 2806 1324 2871 ecclesia
1351 2805 1532 2891 collegiata

425 2912 549 2997 Ripon’
565 2932 626 2996 per
639 2912 812 2995 prefatum
828 2911 1053 2976 reuerendum
1068 2912 1103 2975 in
1118 2932 1187 2995 xpo
1202 2918 1336 2995 patrem
1352 2909 1531 2974 dominum

425 3015 726 3101 Archiepiscopum
749 3016 851 3081 Ebors'.
874 3023 914 3080 vt
935 3016 1115 3100 prefertur,
1138 3016 1232 3079 facta
1252 3037 1292 3080 ac
1312 3016 1355 3079 de
1375 3020 1410 3078 et
1430 3034 1533 3097 super

424 3121 545 3185 ceteris
567 3121 601 3185 in
623 3121 724 3185 dictis
746 3122 851 3185 literis
873 3121 998 3205 prelati
1021 3120 1196 3184 reuerendi
1219 3120 1327 3203 patris
1348 3118 1531 3191 contentis,

425 3226 705 3291 concurrentibus
732 3226 891 3289 omnibus
917 3232 952 3289 et
978 3225 1119 3309 singulis
1145 3245 1212 3307 que
1239 3224 1281 3287 de
1308 3224 1379 3287 iure
1406 3222 1440 3285 in
1467 3222 1533 3285 hae

426 3336 524 3413 parte
551 3330 781 3413 requiruntur,
809 3329 953 3394 eandem
980 3328 1235 3393 ordinacionem
1262 3333 1296 3391 et
1324 3327 1390 3391 alia
1417 3326 1533 3390 omnia

426 3441 461 3498 et
476 3432 609 3518 singula
623 3433 821 3516 supradicta
835 3440 1007 3517 quatenus
1022 3434 1067 3497 ad
1081 3453 1144 3497 nos
1158 3433 1285 3497 attinet
1300 3435 1531 3515 acceptamus

427 3537 647 3612 ratificamus
672 3543 706 3601 et
729 3538 971 3622 approbamus,
997 3559 1036 3602 ac
1059 3537 1167 3601 eciam
1190 3535 1442 3601 confirmamus.
1492 3535 1532 3597 ln

426 3662 573 3728 quorum
590 3641 744 3705 omnium
761 3642 997 3706 testimonium
1014 3642 1160 3727 sigillum
1177 3647 1334 3705 nostrum
1351 3658 1532 3703 commune

427 3745 642 3832 presentibus
669 3751 720 3809 est
747 3766 947 3831 appensum.
996 3748 1076 3810 Dat.
1106 3747 1140 3811 in
1167 3746 1270 3810 domo
1297 3749 1415 3809 nostra
1441 3741 1532 3826 capi-

428 3850 542 3926 tulari,
565 3849 726 3914 vicesimo
747 3850 802 3915 die
823 3851 948 3915 mensis
970 3851 1114 3935 predicti
1136 3848 1305 3933 Januarij,
1329 3849 1429 3912 Anno
1452 3845 1532 3910 D’ni

428 3956 636 4042 supradicto

931 4124 1031 4204 (212).

261 4294 381 4355 ‘369-70.
517 4273 563 4338 Et
583 4294 645 4338 nos
665 4274 862 4358 Capitulum
883 4276 961 4339 eccl.
984 4275 1016 4339 b.
1039 4274 1185 4338 Willridi
1207 4274 1332 4358 Ripon,
1353 4270 1534 4357 prehabita

261 4357 328 4487 ξὲξ
337 4359 384 4485 tile
427 4358 608 4444 sufficienti
623 4378 870 4443 deliberacione
885 4385 919 4443 et
935 4385 1089 4444 tractatu
1104 4377 1258 4463 diligenti
1275 4429 1281 4442 .
1301 4429 1306 4441 .
1326 4429 1332 4441 .
1350 4377 1384 4440 in
1399 4375 1534 4461 prelata

261 4501 397 4580 lapteror
427 4487 546 4548 nostra
573 4482 712 4546 ecclesia
741 4533 748 4547 .
780 4532 786 4547 .
818 4533 824 4546 .
854 4489 952 4547 sexto
980 4483 1034 4547 die
1062 4483 1188 4547 mensis
1215 4479 1404 4564 Februarij,
1432 4479 1533 4542 Anno

262 4570 363 4635 R¹P⁰¹¹·
428 4586 509 4652 D'ni
527 4585 736 4670 supradicto
786 4586 901 4668 (Form
920 4586 984 4652 No
1006 4588 1094 4671 211).

499 4789 506 4814 ¹
528 4782 754 4833 “deliberacione
766 4784 781 4804 ”
796 4782 915 4832 omitted
929 4782 957 4832 iu
970 4784 1027 4836 MS·
