3950 5625
783 695 876 761 Acrs
899 713 944 760 or
967 696 1146 765 Cumae.
1457 704 1520 784 atta

412 875 605 939 maiestatis
623 881 735 940 vestre
754 875 937 952 oraciones,
958 897 1085 961 preces,
1104 886 1136 944 et
1158 878 1317 962 utilraqia
1340 880 1372 948 lu
1397 881 1517 949 lieellu

410 979 599 1064 Collegiata
625 986 743 1044 nostra
774 981 929 1064 predicta
957 982 1026 1046 lieri
1054 991 1084 1047 et
1115 984 1243 1050 elltuuli
1276 992 1519 1068 exequente.

410 1084 538 1168 quibus
569 1091 721 1148 vestram
754 1085 976 1149 deuocionem
1010 1087 1207 1154 ‹irrrcienum
1242 1090 1414 1174 utl'lraqiie
1449 1091 1518 1160 rell-

410 1188 553 1272 giosam,
569 1188 703 1252 firmam
718 1209 813 1272 spem
829 1195 864 1253 et
880 1189 1053 1267 fiduciam,
1071 1213 1137 1259 nen
1155 1193 1307 1260 minuere
1322 1194 1379 1263 aul
1397 1216 1519 1278 aliquia

410 1292 531 1376 pocius
548 1313 758 1358 censeamur.

500 1469 571 1534 Nos
596 1470 701 1555 igitur
725 1471 943 1555 magistatem
971 1481 1120 1540 vestram
1147 1476 1423 1555 sirerulissiutmu,
1451 1499 1517 1569 que
1562 1476 1698 1541 uniamur

410 1593 474 1638 nos
508 1580 542 1638 et
577 1575 752 1638 ecclesiam
787 1583 939 1641 nostram
976 1578 1164 1661 predictam
1201 1601 1332 1668 struitur
1367 1592 1517 1665 utils-lieu
1541 1552 1698 1666 :.',','.i'i'‚iiii.l'i

409 1677 535 1743 intueri
573 1679 734 1763 dignatus
771 1685 833 1754 est,
873 1687 954 1744 ante
992 1682 1108 1747 <erite
1147 1684 1323 1761 lraluutes,
1363 1688 1514 1758 errulum
1562 1676 1697 1733 ''illm''

408 1783 600 1858 missarum,
625 1783 833 1859 oracionum,
858 1784 1072 1862 ieiuniorum,
1096 1787 1299 1869 vigiliarum,
1323 1789 1513 1879 illumina·
1532 1759 1691 1878 ..uii'liiir

409 1907 497 1962 rum,
520 1887 821 1963 abstinenciarum,
843 1887 1116 1966 elemosinarum,
1138 1900 1169 1957 et
1195 1891 1349 1962 luluitum
1372 1903 1501 1966 selei-ui·

408 1998 553 2076 rumque
585 1994 752 2057 bonorum
785 2013 927 2077 operum
959 2014 1026 2079 que
1059 2016 1118 2080 per
1149 2018 1211 2063 triu
1242 2005 1272 2064 el
1308 2018 1516 2070 »trecensium

408 2102 554 2172 nostros,
598 2104 795 2182 ceterosque
838 2098 1029 2163 Canonicos
1071 2102 1261 2168 centrata-u
1304 2113 1438 2171 neuim
1481 2112 1510 2173 el

408 2201 581 2266 ministros
602 2202 637 2266 in
658 2203 784 2266 Eccl'ia
805 2203 878 2266 n’ra
900 2202 982 2269 Colli
1006 2204 1157 2289 priulicla
1182 2205 1339 2294 iuqurarl
1362 2216 1418 2278 uul
1446 2215 1513 2280 lletl

407 2305 591 2370 clemencia
619 2306 817 2381 Saluatoris,
848 2312 919 2370 tam
949 2307 982 2372 in
1013 2308 1086 2373 vita
1114 2329 1219 2395 qtuun
1251 2317 1323 2397 peu
1357 2321 1513 2389 interium,

407 2411 683 2475 communionem
709 2417 744 2475 et
770 2411 1072 2496 participacionem
1102 2421 1315 2499 queqetuatu,
1342 2424 1512 2505 qtuuilutu

407 2532 487 2577 cum
513 2513 586 2578 Deo
612 2535 803 2598 possumus,
832 2515 1008 2580 deuocioni
1039 2525 1150 2583 vestre
1180 2517 1409 2605 Xplaulmltue
1435 2542 1497 2590 eeu

408 2616 560 2682 cedimus
585 2624 620 2683 et
645 2638 706 2703 per
730 2626 903 2703 presentes
928 2619 1120 2706 elargimur,
1148 2621 1350 2706 aclijeieuteu
1376 2625 1499 2696 uleliile

408 2722 521 2786 minus
535 2728 570 2786 et
584 2723 740 2807 ampliori
754 2743 822 2807 que
836 2723 991 2788 valemus
1003 2726 1194 2809 graciarum
1211 2726 1347 2795 accione
1364 2727 1513 2814 lieithttl

408 2832 518 2891 tatem
534 2830 950 2895 vestramserenissimam
969 2829 1192 2915 spiritualiter
1211 2842 1453 2919 praeripientes
1471 2853 1510 2902 ex
1582 2897 1616 2949 Η,
1634 2896 1653 2948 Η
1685 2902 1691 2951 1

407 2932 560 2996 vnanimi
572 2954 739 2998 consensu
751 2934 978 2999 concessimus
990 2941 1023 2998 et
1039 2953 1097 3019 per
1110 2943 1283 3020 presentes
1295 2938 1513 3008 emuuliutuu
1563 2911 1590 3013 l·
1600 2912 1689 3020 lunii

407 3037 500 3121 quod
517 3037 552 3101 in
569 3038 723 3121 qualibet
742 3038 919 3123 principali
938 3039 1041 3104 missa
1059 3039 1102 3104 acl
1122 3040 1233 3107 multu
1250 3042 1321 3108 siue
1339 3064 1511 3113 uumuutu
1537 3031 1696 3150 ''llssgss'ffllllss

407 3141 514 3206 altare
537 3143 661 3207 Eccl'ie
683 3144 755 3207 n're
778 3142 900 3229 Colleg.
926 3143 1078 3228 preclicte
1102 3164 1160 3230 per
1183 3144 1331 3232 aliquem
1357 3154 1512 3216 talutium
1553 3162 1615 3225 aqu
1631 3163 1697 3216 utrm

407 3246 461 3311 vel
511 3268 742 3312 successorum
794 3255 988 3313 nostrorum
1041 3256 1102 3314 aut
1154 3250 1258 3317 alium
1309 3254 1510 3321 ctruuuicuut
1526 3227 1698 3354 {lallv'jssu'fll

406 3353 614 3416 confratrem
644 3359 800 3418 nostrum
833 3374 891 3418 seu
923 3353 1116 3417 ministrum
1153 3374 1393 3440 quemcunque
1428 3357 1511 3423 cele·
1553 3352 1697 3439 {talanat

407 3455 538 3520 branda
568 3457 742 3522 celebrans
771 3458 842 3542 ipse
871 3458 1067 3543 quicunque
1098 3477 1159 3541 pro
1191 3465 1343 3543 tempore
1372 3460 1513 3543 siugulis
1611 3445 1646 3481 ¹‘

407 3558 526 3623 diebus
567 3560 714 3625 durante
755 3562 829 3625 vita
870 3568 985 3626 vestra
1028 3581 1089 3646 pro
1130 3563 1357 3628 sacratissime
1399 3572 1513 3630 vestre

407 3664 599 3748 magistatis
629 3664 740 3729 salute
771 3672 805 3729 et
836 3665 1075 3729 incolumitate
1101 3686 1332 3752 prosperoque
1357 3675 1453 3734 statu
1478 3676 1512 3734 et

407 3765 494 3831 felici
514 3787 671 3832 successu
691 3769 912 3852 solempniter
932 3775 966 3832 et
987 3789 1066 3833 cum
1088 3777 1172 3834 nota
1192 3772 1279 3854 leget
1301 3778 1335 3835 et
1356 3774 1513 3839 cantabit

406 3872 598 3936 oracionem
617 3880 828 3957 sequentem.

494 4050 687 4135 Quesumus
706 4052 934 4135 Omnipotens
954 4052 1050 4115 Deus
1071 4057 1110 4115 vt
1131 4071 1189 4116 rex
1210 4059 1326 4116 noster
1346 4053 1514 4120 Henricus
1547 4077 1602 4125 this
1615 4076 1697 4140 specu

407 4153 589 4238 Septimus,
607 4155 666 4240 qui
683 4162 745 4220 tua
761 4154 980 4219 miseracione
997 4154 1089 4239 regni
1105 4156 1255 4239 suscepit
1270 4158 1512 4241 gubernacula,
1576 4142 1681 4196 ⁰⁰¹¹⁰⁶t'

404 4258 575 4322 virtutum
597 4259 764 4343 percipiat
787 4260 1008 4335 incrementa,
1031 4259 1158 4344 quibus
1179 4259 1339 4325 decenter
1360 4270 1513 4339 omatuS,

404 4361 571 4426 viciorum
619 4364 818 4447 voraginem
865 4362 1032 4439 deuitare,
1081 4362 1231 4446 corporis
1278 4365 1514 4432 incolumitate

403 4466 562 4549 gaudere,
590 4468 706 4531 hostes
733 4487 903 4551 superare,
930 4474 965 4532 et
991 4468 1025 4531 in
1052 4464 1238 4550 tranquilla
1262 4489 1346 4552 pace
1371 4470 1454 4534 dum
1481 4472 1515 4537 in

404 4570 563 4634 humanis
611 4577 690 4655 aget
737 4572 859 4647 vitam,
907 4571 1051 4636 feliciter
1097 4568 1205 4653 possit
1251 4592 1313 4637 sua
1360 4579 1516 4658 tempora

403 4673 622 4755 pertransire,
644 4680 695 4749 vt,
717 4680 797 4757 post
817 4673 918 4739 huius
939 4675 1011 4739 vite
1032 4673 1224 4749 decursum,
1246 4675 1291 4741 ad
1312 4682 1346 4740 te
1366 4676 1425 4760 qui
1446 4678 1514 4753 via,

403 4776 542 4854 veritas,
567 4784 602 4841 et
625 4778 701 4842 vita
724 4797 769 4853 eS,
794 4778 966 4864 graciosus
988 4776 1106 4842 valeat
1129 4779 1315 4857 peruenire,
