3950 5625
778 716 871 780 Acrs
894 734 939 781 or
963 716 1142 781 Cnnrran.
1453 713 1514 780 281

406 896 500 961 modi
531 895 674 960 statutis
704 895 798 980 prius
828 895 966 970 habitis,
999 896 1034 959 in
1065 896 1235 971 omnibus,
1267 902 1440 980 quantum
1471 894 1516 960 ad

406 1001 558 1066 officium
577 1022 678 1065 suum
698 1001 870 1085 pastorale
890 1001 1052 1077 attenuit,
1074 1021 1136 1085 pro
1155 1022 1191 1065 se
1210 1007 1245 1065 et
1264 1000 1516 1067 successoribus

405 1107 477 1172 suis
524 1107 777 1190 imperpetuum
825 1106 999 1170 duraturis
1047 1107 1266 1190 approbauit,
1317 1105 1514 1180 ratiticauit,

406 1211 634 1276 auctorizauit
652 1217 687 1275 et
705 1211 922 1275 confirmauit
941 1231 980 1273 eo
998 1209 1058 1293 qui
1075 1211 1231 1294 sequitur
1249 1211 1433 1274 verborum
1451 1210 1516 1274 sub

407 1322 527 1381 tenore
544 1336 596 1380 :—

497 1446 538 1510 ln
567 1446 630 1509 Dei
659 1445 806 1520 nomine,
836 1446 956 1509 Amen.
1006 1444 1076 1507 Nos
1104 1445 1264 1519 Thomas,
1295 1445 1515 1529 permissione
1579 1445 1671 1546 ,12‘142

407 1550 526 1614 diuina
549 1550 651 1615 Ebor.
681 1550 974 1634 Archiepiscopus,
1007 1549 1128 1634 Anglie
1160 1550 1301 1625 Primas,
1334 1556 1368 1613 et
1402 1548 1454 1630 (98
1467 1551 1512 1631 v.)
1531 1515 1711 1629 nbpfslrdlg.

408 1654 538 1738 Ap'lice
572 1652 661 1718 sedis
696 1655 838 1738 legatus,
876 1654 1011 1737 publice
1047 1674 1108 1737 pro
1142 1654 1305 1718 tribunali
1342 1654 1376 1717 in
1411 1653 1515 1719 domo

407 1757 588 1842 capitulari
607 1758 696 1823 Eccl.
716 1765 831 1823 nostre
849 1758 971 1842 Colleg.
993 1757 1130 1841 Ripon’,
1149 1759 1299 1823 secundo
1317 1759 1372 1823 die
1390 1759 1516 1823 mensis

408 1862 501 1946 Maij,
537 1863 637 1927 Anno
672 1864 753 1927 D’ni
788 1863 928 1926 Mill’mo
962 1862 1238 1946 quingentesimo
1271 1870 1397 1947 quarto
1433 1870 1516 1928 tunc

408 1966 535 2031 ibidem
566 1967 733 2043 sedentes,
768 1968 987 2031 attendentes
1019 1967 1114 2050 quod
1147 1974 1339 2031 memorata
1372 1968 1517 2032 Statuta

408 2069 523 2135 omnia
552 2078 586 2135 et
615 2072 747 2156 singula
776 2092 836 2156 per
864 2071 1006 2135 dilectos
1035 2071 1123 2135 filios
1152 2078 1287 2136 nostros
1316 2072 1516 2157 Capitulum

408 2175 498 2240 Eccl.
513 2176 594 2240 Coll.
609 2183 723 2241 nostre
737 2177 860 2260 Ripon'
876 2175 1049 2240 antedicte
1063 2176 1096 2239 in
1110 2177 1177 2240 ista
1188 2197 1251 2240 sua
1263 2177 1516 2241 conuocacione

408 2301 470 2344 sua
498 2280 567 2363 (sic)
595 2280 742 2365 generali
768 2281 936 2356 ordinata,
963 2281 1111 2355 decreta,
1139 2280 1246 2355 edita,
1274 2281 1457 2356 celebrata,
1484 2287 1518 2345 ot

408 2383 592 2448 salubriter
609 2383 766 2459 diffinita,
788 2405 828 2448 ac
847 2384 881 2448 in
903 2385 1078 2467 presencia
1096 2392 1216 2449 nostra
1235 2405 1295 2469 per
1316 2385 1519 2469 Magistrum

408 2487 576 2551 Thomam
592 2487 760 2572 Magnus,1
779 2488 849 2571 (sic)
868 2488 1095 2553 Secretarium
1112 2496 1280 2564 nostrum,
1295 2510 1337 2552 ex
1353 2488 1520 2553 mandato

408 2597 525 2655 nostro
546 2592 682 2675 publice
703 2591 830 2656 ibidem
851 2592 1011 2676 perlecta,
1037 2592 1084 2656 ad
1103 2593 1166 2655 Dei
1188 2592 1326 2656 laudem
1349 2613 1388 2656 ac
1409 2591 1519 2657 diuini

408 2694 521 2759 cultus
551 2695 585 2759 in
616 2694 710 2759 dicta
740 2695 881 2760 ecclesia
911 2702 1031 2760 nostra
1067 2696 1256 2781 Collegiata
1296 2703 1520 2781 augmentum

357 2834 362 2844 ·
409 2798 567 2863 habenda
598 2805 679 2864 sunt
710 2799 892 2865 salubriter
923 2801 1095 2877 ordinata,
1130 2801 1235 2877 edita,
1264 2808 1299 2866 et
1324 2799 1519 2877 celebrata;

413 2903 543 2968 Idcirco
572 2925 612 2969 ea
641 2906 757 2969 omnia
786 2913 820 2970 et
849 2906 983 2991 singula
1012 2911 1151 2970 statuta
1181 2906 1225 2969 ad
1257 2905 1439 2989 specialem
1472 2925 1520 2969 re-

410 3007 631 3091 quisicionem
656 3009 766 3072 tocius
790 3008 938 3094 Capituli
964 3010 1056 3075 Eccl.
1083 3017 1199 3074 nostre
1224 3009 1305 3074 Coll.
1333 3008 1519 3085 antedicte,

410 3113 670 3189 auctorizamus,
695 3120 925 3198 acceptamus,
949 3121 984 3179 et
1008 3116 1254 3199 approbamus,
1280 3135 1319 3178 ac
1342 3134 1382 3177 ea
1405 3115 1521 3178 omnia

410 3223 445 3282 et
478 3217 610 3302 singula
643 3218 691 3282 sic
724 3218 847 3282 debere
880 3219 952 3283 fieri
986 3225 1021 3283 et
1055 3219 1313 3303 imperpetuum
1347 3217 1519 3281 obseruari

411 3320 632 3397 decemimus,
668 3323 864 3398 diffinimus,
900 3322 1181 3408 pronunciamus,
1219 3342 1258 3385 ac
1295 3326 1411 3385 tenore
1447 3341 1520 3405 pre·

410 3425 561 3490 sericium
579 3426 787 3490 auctoritate
806 3434 924 3492 nostra
942 3426 1132 3512 pontificali
1152 3424 1406 3490 confirmamus.

414 3565 500 3647 (361)
530 3565 724 3631 Srnruruu
753 3584 821 3631 eno
848 3584 1045 3646 ossaposz
1073 3566 1305 3630 Arnacsrnur
1335 3564 1449 3629 Raors
1477 3582 1521 3629 ar

454 3685 617 3734 aaronem
643 3687 768 3734 nacon
794 3671 947 3746 Auctis,
975 3687 1123 3734 necnon
1150 3670 1379 3734 Pourrrrcou
1406 3670 1518 3733 Esou.

454 3790 498 3838 Ac
521 3773 788 3838 Cnnonrcouuu
813 3791 927 3839 rsrros
950 3775 1142 3849 Eccrrsra,
1168 3791 1212 3837 ar
1234 3790 1383 3838 ouurou
1408 3790 1520 3837 uana-

455 3893 646 3943 ancronuu
682 3894 844 3941 Erusnru
879 3894 1024 3956 QUATER
1059 3894 1096 3941 m
1132 3894 1233 3941 Anno
1268 3893 1520 3941 soruuprrrrrn

455 3998 716 4046 cacaamnnrs.

498 4098 584 4162 Cum
601 4098 646 4161 sit
663 4103 837 4163 statutum
854 4118 914 4183 per
931 4104 1163 4163 antecessores
1180 4104 1316 4161 nostros
1332 4095 1521 4160 Canonicos
1571 4090 1689 4205 *cllpssstigsst

412 4199 509 4266 istius
528 4201 678 4265 Ecclesie
696 4201 731 4265 in
750 4201 903 4285 quadam
922 4200 1179 4265 Conuocacione
1197 4198 1346 4284 generali
1365 4200 1399 4263 in
1418 4198 1522 4264 domo

412 4304 599 4389 Capitulari
630 4304 757 4369 ibidem
787 4326 847 4389 per
875 4306 967 4389 ipsos
996 4304 1179 4378 celebrata,
1211 4303 1276 4368 viz.
1308 4303 1343 4367 in
1372 4302 1522 4367 crastino
1571 4311 1697 4413 &23⁸3

412 4408 528 4473 Sancti
548 4409 653 4473 Marci
672 4409 891 4494 Euangeliste
911 4410 1013 4474 Anno
1032 4409 1113 4473 D'ni
1133 4407 1276 4471 Mill'mo
1294 4406 1522 4490 quadringen·
1566 4379 1600 4427 '¹
1663 4379 1677 4413 ²
1699 4401 1705 4414 '

412 4513 534 4577 tesimo
555 4512 676 4597 prime,
699 4520 802 4597 prout
824 4513 859 4578 in
882 4513 1048 4598 Registris
1069 4511 1196 4576 nostris
1218 4531 1279 4595 per
1299 4531 1362 4574 nos
1383 4515 1524 4594 propter

484 4667 490 4688 ¹
511 4662 632 4711 Thomas
648 4662 765 4724 Magnus
781 4678 837 4711 was
854 4663 1033 4710 Archdeacon
1051 4662 1080 4710 ot
1098 4660 1146 4708 the
1165 4660 1234 4708 East
1253 4660 1363 4723 Riding,
1383 4660 1478 4708 Canon
1496 4658 1525 4706 ol

415 4741 559 4804 Beverley,
574 4741 629 4791 and
643 4754 699 4789 was
713 4740 741 4787 in
758 4753 824 4803 1509
838 4755 873 4789 an
887 4745 1020 4790 executor
1032 4741 1062 4790 ol
1075 4737 1251 4802 Archbishop
1268 4740 1384 4804 Savage.
1423 4736 1524 4793 Leach,

411 4821 535 4881 Revertar
549 4821 693 4883 (Surtees),
708 4820 746 4877 11,
760 4820 834 4870 xciv.
