3950 5625
680 754 773 820 Acrs
796 772 842 820 or
865 753 1044 821 culpem.
1354 773 1415 839 193

308 933 529 1009 continentis,
550 933 742 998 faciendam
763 940 797 998 et
818 934 1054 1018 exequendam
1076 941 1109 999 et
1130 935 1275 999 fideliter
1290 915 1416 1019 perim-

308 1038 482 1122 plendam,
505 1038 647 1102 dilectos
669 1038 704 1103 in
725 1059 794 1121 xpo
816 1038 911 1102 d’nm
934 1038 1070 1121 Joh'em
1093 1040 1188 1103 Dene
1209 1040 1416 1104 confratrem

309 1164 434 1218 meum,
476 1142 613 1225 Joh'em
653 1143 763 1226 Pygot
803 1142 1029 1227 Armigerum,
1071 1150 1104 1208 et
1145 1143 1239 1208 d'nm
1279 1144 1415 1227 Joh'em

312 1247 477 1322 RedeneS,
491 1246 717 1330 capellanum,
732 1246 853 1310 ordino
866 1252 900 1310 et
913 1248 1088 1311 constituo
1100 1255 1298 1312 executores
1310 1268 1413 1313 meos.

309 1351 355 1415 Et
385 1351 526 1415 cuilibet
556 1350 742 1414 eorundem
772 1351 1109 1415 administracionem
1138 1352 1174 1416 in
1204 1353 1302 1416 bonis
1332 1353 1415 1416 meis
1429 1358 1495 1405 vach
1510 1360 1541 1406 to
1557 1358 1629 1407 have

310 1455 508 1540 suscipienti
536 1462 570 1519 et
599 1455 820 1530 ministranti,
850 1455 941 1519 vltra
969 1476 1140 1519 summam
1169 1457 1323 1540 superius
1351 1456 1415 1520 sibi
1499 1438 1555 1485 ⁴⁰⁸·

309 1560 469 1645 legatam,
486 1559 531 1623 do
547 1565 580 1623 et
596 1559 671 1643 lego
687 1559 722 1622 xl
737 1559 846 1634 solid„
864 1558 1018 1642 dansque
1034 1566 1068 1623 et
1085 1561 1273 1625 concedens
1288 1560 1415 1624 eisdem

309 1664 548 1729 executoribus
571 1663 655 1727 meis
679 1663 721 1733 de
745 1663 1020 1748 quibuscumque
1044 1664 1142 1728 bonis
1166 1671 1200 1728 et
1224 1665 1357 1730 catallis
1381 1672 1415 1729 et

309 1769 489 1833 domorum
522 1766 725 1831 vtensilibus
758 1767 842 1831 meis
875 1767 1065 1832 vendendis
1099 1789 1315 1854 quecumque
1348 1770 1414 1833 sibi

308 1873 416 1948 vtina,
461 1872 650 1936 secundum
686 1891 803 1936 eorum
839 1892 955 1935 veram
994 1873 1179 1937 dumtaxat
1216 1880 1250 1937 et
1287 1874 1414 1938 iustam

309 1977 611 2060 appreciacionem,
633 1975 767 2039 emendi
788 1975 929 2040 liberam
950 1976 1163 2042 facultatem.
1212 1978 1257 2042 Et
1277 1979 1415 2061 insuper
1440 1990 1572 2053 Majority
1588 1990 1617 2038 or

309 2081 387 2146 volo
414 2087 449 2145 et
476 2081 597 2145 ordino
623 2079 717 2164 quod
744 2081 772 2142 si
799 2079 943 2143 forsitan
971 2081 1006 2144 in
1034 2087 1162 2146 euentu
1189 2082 1278 2146 inter
1305 2082 1415 2146 dictos
1428 2061 1629 2172 (ἷζζζξξὲῗζζζξθ

309 2191 506 2250 executores
528 2205 622 2248 meos
645 2184 821 2247 occasione
844 2183 1154 2249 administracionis
1177 2206 1237 2249 sue
1259 2186 1293 2250 in
1316 2186 1415 2249 bonis
1436 2190 1465 2238 or
1482 2191 1618 2254 question.

309 2291 392 2354 meis
409 2290 522 2374 alique
537 2287 767 2353 controuersie
784 2288 911 2352 fuerint
927 2289 1102 2364 suscitate,
1120 2290 1213 2374 quod
1230 2289 1414 2354 eorundem

309 2400 530 2458 executorum
549 2392 688 2457 maioris
706 2392 815 2475 partis
834 2393 976 2457 arbitrio
996 2394 1136 2457 omnino
1155 2400 1267 2458 stetur
1288 2393 1358 2477 (sic)
1381 2399 1414 2457 et

309 2500 374 2564 fine
407 2498 526 2562 debito
559 2496 771 2561 terminetur.
820 2497 932 2561 Huius
966 2503 1083 2561 autem
1117 2498 1315 2562 testamenti
1349 2497 1416 2561 mei
1449 2526 1451 2530 >

309 2602 558 2688 superuisorem
582 2600 702 2664 ordino
727 2607 761 2664 et
786 2601 972 2665 constituo,
986 2601 1099 2665 Ric'm
1123 2601 1166 2665 de
1191 2601 1335 2677 Norton,
1361 2601 1415 2665 cui
1463 2589 1598 2705 ‘2¹13ssng

309 2708 353 2772 do
370 2713 405 2770 et
422 2706 498 2790 lego
514 2726 620 2769 vnam
637 2704 770 2788 peciam
788 2705 991 2769 deauratam
1005 2726 1087 2770 cum
1104 2705 1230 2770 circulo
1248 2706 1414 2789 veprium,
1447 2724 1612 2785 supervisor.

310 2819 342 2876 et
359 2809 550 2896 Aquarium
566 2830 681 2874 meum
698 2809 912 2884 deauratum,
930 2809 1077 2874 eundem
1094 2808 1205 2874 Ric'm
1221 2810 1416 2894 supplicans

310 2916 481 2981 attencius
494 2920 528 2978 et
542 2914 666 2978 deuote
679 2920 851 2998 quatenus
865 2934 951 2978 onus
964 2914 1208 2997 superuisionis
1221 2915 1417 2979 huiusmodi

309 3022 343 3084 in
368 3041 403 3084 se
427 3018 583 3084 caritatis
608 3018 740 3082 intuitu
765 3018 925 3102 dignetur
950 3019 1107 3101 recipere,
1134 3025 1168 3083 et
1194 3018 1336 3102 prefatis
1361 3039 1417 3082 ex-

310 3123 505 3189 ecutoribus
529 3122 613 3185 meis
637 3122 706 3185 suis
731 3121 859 3185 auxilio
882 3128 916 3184 et
941 3122 1082 3185 consilio
1105 3122 1359 3205 circumspectis
1383 3122 1417 3185 in

311 3228 376 3312 hijs
395 3247 462 3312 que
480 3225 623 3290 celerem
642 3232 676 3289 et
696 3225 850 3289 debitam
869 3226 1109 3289 execucionem
1128 3226 1294 3308 presentis
1313 3231 1418 3289 testa-

311 3332 418 3396 menti
453 3330 520 3394 mei
555 3335 765 3394 concernunt
800 3330 1014 3412 temporibus
1049 3329 1227 3413 oportunis
1262 3329 1418 3393 assistere

312 3436 470 3521 graciose,
520 3434 560 3498 In
574 3455 721 3518 quorum
735 3433 889 3497 omnium
903 3440 938 3497 et
952 3434 1162 3518 singulorum
1177 3433 1419 3519 premissorum

313 3538 549 3605 testimonium
586 3544 691 3622 atque
728 3538 831 3601 fidem
868 3537 1016 3622 sigillum
1052 3558 1167 3602 meum
1204 3526 1419 3621 presentibus

314 3644 468 3730 apposui,
507 3643 722 3727 presentibus
759 3641 848 3706 d’nis
886 3642 985 3706 Ric’o
1023 3641 1198 3706 Vlneskelf
1234 3648 1268 3706 et
1306 3641 1420 3706 Will’o

315 3748 473 3822 Welwek,
499 3746 636 3829 vicarijs
658 3746 752 3810 chori
776 3745 854 3811 eccl.
880 3747 983 3810 Ebor.
1009 3752 1043 3809 et
1065 3746 1165 3829 Joh'e
1186 3746 1419 3830 Wyttyngton

315 3852 490 3936 Annigero
513 3850 660 3914 testibus
683 3850 727 3913 ad
750 3850 916 3934 premissa
939 3850 1072 3914 vocatis
1095 3855 1129 3913 et
1152 3850 1289 3933 rogatis.
1337 3850 1418 3914 Dat.

316 3955 408 4041 apud
441 3956 545 4024 Ebor.
581 3954 686 4018 tercio
719 3953 773 4017 die
808 3953 983 4018 Februarii
1017 3953 1118 4018 Anno
1152 3953 1231 4017 D'ni
1267 3953 1421 4045 Mill'imo

317 4059 638 4145 quadragentesimo
657 4058 788 4121 decimo
807 4079 909 4123 nonu.

1451 3618 1610 3666 Witnesses.

626 4238 713 4323 (286)
743 4239 904 4322 (Probate
927 4245 964 4303 at
989 4239 1109 4321 Yorkl.

404 4382 445 4445 In
486 4380 550 4444 Dei
592 4380 739 4454 nomine,
782 4380 902 4444 Amen.
950 4378 1116 4443 Admissis
1157 4378 1421 4460 probacionibus

316 4506 416 4571 super
443 4485 592 4549 factione
620 4484 818 4547 testamenti
847 4481 1051 4546 venerabilis
1079 4481 1142 4546 viri
1171 4481 1290 4566 Mag'ri
1317 4481 1420 4545 Will'i

316 4589 440 4655 Cawod
468 4587 649 4653 confratris
677 4592 711 4650 et
739 4585 893 4650 canonici
921 4585 1029 4648 nostri
1058 4584 1272 4669 presentibus
1299 4583 1422 4647 litteris
1467 4580 1469 4583 ’

316 4693 442 4759 nostris
456 4692 591 4768 annexi,
607 4692 720 4774 ipsum
735 4693 983 4753 testamentum
999 4688 1064 4752 rite
1078 4688 1209 4751 factum
1224 4694 1258 4752 et
1272 4687 1422 4771 legitime

317 4799 502 4882 probatum
515 4793 792 4879 pronunciamus,
807 4788 1047 4855 executoribus
1059 4792 1094 4856 in
1107 4790 1201 4857 dicto
1213 4796 1423 4857 testamento

492 4930 529 4991 Ι3
