3950 5625
778 676 873 740 Acts
896 692 941 740 or
964 675 1143 740 ciramea
1456 693 1517 758 roo

404 862 440 921 et
476 856 634 921 finiendis
669 856 859 921 secundum
898 855 1001 919 istam
1038 855 1255 919 voluntatem
1294 876 1417 929 meam,
1454 875 1517 939 pro

403 961 520 1026 anima
558 981 636 1025 mea
674 960 830 1044 predicta
871 960 1090 1043 (disponere)¹
1130 980 1193 1023 suo
1232 960 1335 1023 modo
1374 960 1514 1024 meliori.

407 1067 610 1131 Probatum.

408 1271 494 1353 (173)
556 1269 667 1335 Coeia
713 1285 940 1333 rusraueuri
989 1269 1151 1333 Aunesis
1199 1286 1349 1334 neuere
1397 1269 1516 1351 Jon'1s

450 1376 663 1439 TAunnnen.

492 1541 533 1605 In
555 1541 619 1605 Dei
640 1540 789 1615 nomine,
812 1540 932 1604 Amen.
982 1539 1136 1624 Septimo
1157 1540 1211 1604 die
1232 1541 1358 1605 mensis
1379 1540 1514 1624 Aprilis,

407 1645 505 1710 Anno
526 1645 607 1709 D'ni
628 1645 754 1708 Minimo
773 1656 872 1709 ccc¹³¹⁰
898 1645 1120 1729 nonogesimo
1147 1646 1267 1729 primo,
1297 1645 1370 1730 Ego
1392 1646 1514 1730 Agnes,

406 1750 522 1815 relicta
539 1749 650 1833 Joh’is
667 1749 841 1813 Tauemer
857 1748 899 1813 de
917 1748 1067 1832 Rypon’,
1086 1770 1168 1813 sane
1185 1756 1219 1813 et
1237 1751 1325 1814 bone
1342 1750 1514 1824 memorie,

406 1854 514 1918 condo
539 1859 790 1918 testamentum
814 1873 929 1917 meum
954 1854 990 1917 in
1015 1854 1106 1917 hunc
1131 1854 1283 1918 modum.
1333 1855 1372 1918 In
1398 1856 1516 1938 primis

406 1964 478 2042 lego
500 1958 653 2022 animam
675 1978 788 2021 meam
811 1957 885 2021 Deo
908 1964 941 2021 et
964 1958 1066 2022 beate
1089 1958 1194 2022 Marie
1217 1965 1251 2022 et
1273 1980 1364 2023 omn.
1388 1960 1516 2023 sanctis

406 2063 483 2138 suis,
512 2069 547 2126 et
574 2082 698 2145 corpus
723 2082 839 2126 meum
866 2061 911 2125 ad
937 2063 1171 2146 sepeliendum
1199 2063 1233 2127 in
1257 2063 1446 2127 Cemeterio
1469 2064 1516 2128 b'i

406 2166 551 2232 Wilfridi
570 2166 719 2251 Rypon'.
769 2166 857 2230 Item
870 2166 968 2251 legoj
985 2187 1112 2250 equum
1134 2187 1219 2252 gray
1243 2188 1304 2250 pro
1327 2169 1517 2232 mortuario

406 2292 489 2336 meu.
539 2271 629 2335 Item
650 2271 725 2355 lego
747 2269 793 2353 vij
818 2270 934 2335 denar.
957 2291 1019 2354 pro
1040 2272 1165 2356 vigiliis
1184 2272 1278 2335 meis.
1328 2272 1418 2335 Item
1441 2272 1516 2356 lego

407 2376 475 2441 xli.
493 2395 568 2440 cere
584 2375 724 2439 ardend.
740 2375 828 2439 circa
844 2395 967 2458 corpus
983 2396 1099 2439 meum
1115 2376 1150 2439 in
1167 2375 1221 2439 die
1237 2376 1413 2459 sepulture
1429 2396 1513 2441 mee.
1548 2385 1666 2445 aegaeio
1676 2385 1715 2434 ta-

407 2481 494 2545 Item
516 2480 591 2564 lego
613 2479 741 2544 fabrice
765 2479 912 2554 ecclesie,
936 2479 1001 2563 vjs.
1026 2480 1122 2563 viijd.
1175 2481 1264 2544 Item
1283 2480 1357 2565 lego
1380 2481 1516 2544 vicariis
1529 2453 1728 2570 ξὲξξὲῗῗζέἑ

406 2591 438 2649 et
456 2584 621 2648 ministris
640 2584 777 2647 ecclesie
794 2583 946 2666 predicte
964 2604 1026 2667 pro
1043 2584 1189 2648 Placebo
1209 2590 1242 2648 et
1262 2584 1377 2669 Dirige
1395 2590 1428 2649 et
1453 2606 1516 2669 pro
1553 2600 1652 2650 corpus
1666 2603 1708 2636 ar-

406 2689 507 2753 missa
524 2709 601 2752 mea
618 2688 823 2752 celebranda
840 2689 875 2750 in
892 2688 1007 2763 choro,
1027 2708 1101 2752 xxs.
1151 2689 1240 2753 Item
1258 2688 1332 2773 lego
1349 2688 1359 2772 j
1380 2690 1515 2754 missale
1528 2654 1728 2784 neugma&

407 2794 449 2858 ad
473 2793 583 2859 altare
607 2792 735 2877 capelle
759 2793 859 2857 beate
884 2792 990 2857 Marie
1013 2814 1117 2876 supra
1139 2791 1391 2859 Reuestiarium
1414 2794 1516 2878 juxta
1538 2789 1728 2904 ῒῐῃοαθῗὲῑίς

407 2899 583 2963 ecclesiam
601 2897 801 2981 predictam.
851 2898 940 2961 Item
959 2897 1035 2982 lego
1055 2898 1136 2961 d'no
1156 2898 1309 2961 Roberto
1326 2900 1514 2975 Baschane,
1551 2870 1655 2919 empon
1678 2872 1718 2905 '¹³'

406 3004 532 3067 vicario
559 3023 635 3067 meo
662 3002 726 3085 iijs.
755 3001 839 3085 iiijd.
888 3002 978 3065 Item
1008 2996 1090 3066 d’no
1120 3001 1213 3084 Joh'i
1244 3003 1286 3067 de
1317 3004 1517 3089 Bondegate

406 3107 592 3192 capellano
619 3106 652 3189 iij
681 3106 846 3170 coclearia
872 3107 1004 3190 argenti
1030 3127 1109 3169 cum
1136 3107 1145 3189 j
1176 3107 1271 3171 tuall.
1321 3108 1409 3172 Item
1435 3109 1517 3173 d’no

406 3211 498 3294 Joh’i
530 3211 572 3275 de
606 3210 867 3294 Rychemound‚
903 3211 1092 3294 capellano,
1125 3211 1135 3293 j
1177 3211 1368 3287 Bortclath,
1401 3213 1513 3295 cumj
1544 3231 1715 3283 Tanlectoth.

407 3316 501 3381 tuall.
551 3315 640 3379 Item
667 3315 749 3379 d'no
772 3314 901 3378 Rob'to
921 3314 963 3378 de
987 3315 1154 3390 Kendale,
1180 3315 1364 3399 Capellano
1389 3318 1512 3399 me0‚j
1603 3305 1654 3345 ΜΕ·

405 3422 544 3497 lectum,
562 3420 572 3504 j
594 3420 729 3504 peluem
747 3440 826 3483 cum
843 3419 853 3503 j
873 3420 1052 3495 lanetori0,
1071 3419 1081 3502 j
1104 3420 1284 3484 Bortclath
1302 3422 1408 3505 cumj
1431 3422 1515 3486 tuall

406 3534 439 3591 et
468 3525 490 3609 ij
523 3525 689 3589 coclearia
717 3524 860 3608 argenti.
910 3523 1000 3587 Item
1029 3523 1039 3606 j
1072 3545 1234 3609 magnam
1264 3525 1367 3589 ollam
1397 3547 1516 3591 eneam

407 3630 591 3695 conuentui
605 3635 640 3693 et
653 3628 771 3692 domui
785 3629 885 3691 beate
898 3628 1003 3691 Marie
1014 3628 1056 3691 de
1071 3628 1250 3693 Fontibus.
1289 3629 1378 3694 Item
1392 3630 1518 3715 Agneti

407 3733 634 3817 Goldesmyth
656 3732 677 3814 ij
701 3740 816 3816 quart.
840 3732 929 3795 bras.
954 3732 1059 3796 ordei.
1109 3733 1198 3796 Item
1215 3733 1290 3818 lego
1307 3734 1447 3799 Matheo
1463 3736 1518 3800 del

407 3838 593 3913 Lofthows,
625 3838 635 3920 j
666 3837 818 3920 cyphum
851 3856 1036 3900 murreum.
1086 3837 1176 3901 Item
1208 3837 1341 3902 Matild'
1375 3839 1518 3903 Blother

406 3964 467 4027 pro
491 3944 583 4007 bono
606 3941 723 4005 labore
746 3960 819 4014 su0,
844 3940 854 4023 j
881 3940 1021 4014 lectum,
1045 3939 1055 4023 j
1083 3948 1244 4024 pocynet‚
1267 3962 1346 4006 eum
1373 3942 1384 4025 j
1410 3964 1518 4026 parua

407 4048 502 4112 cista.
552 4046 641 4110 Item
667 4044 832 4109 Katerine
852 4044 919 4107 filie
940 4044 1002 4127 (50)
1026 4044 1169 4129 Agnetis
1195 4045 1331 4120 Alman,
1361 4046 1371 4128 j
1402 4067 1516 4112 arcam

409 4172 487 4216 cum
518 4150 528 4234 j
563 4154 723 4233 pocynet.
773 4148 862 4212 Item
894 4147 1025 4212 Rob'to
1056 4148 1213 4231 Frankys
1244 4148 1289 4212 fil.
1320 4147 1431 4230 Joh'is
1458 4151 1518 4214 filii

410 4257 485 4331 mei,
502 4256 512 4339 j
530 4255 659 4318 lectum
674 4259 709 4316 et
724 4252 734 4335 j
753 4252 856 4316 ollam
872 4271 1003 4324 eneam,
1020 4271 1098 4315 curn
1114 4251 1123 4333 j
1143 4250 1271 4334 patella
1285 4272 1380 4316 enea.
1428 4254 1518 4318 Item

410 4361 532 4424 Emme
557 4358 625 4421 filie
650 4376 735 4429 mee,
761 4355 770 4438 j
799 4356 927 4446 lectum
953 4374 1032 4418 cum
1057 4354 1067 4436 j
1095 4361 1240 4437 quartar
1264 4354 1380 4419 bracii.
1429 4357 1518 4422 Item

411 4464 516 4528 Alicie
554 4462 609 4526 del
649 4460 793 4533 Busche,
832 4460 878 4524 di.
928 4463 1043 4542 quart.
1092 4456 1206 4521 bracii.
1261 4457 1349 4521 Item
1397 4460 1518 4525 [sabell

412 4565 623 4652 Gayssegyll,
670 4564 679 4647 j
728 4569 842 4647 quart.
890 4559 1010 4641 bracij.
1060 4558 1148 4621 Item
1195 4559 1228 4622 in
1275 4560 1519 4629 distribncione

483 4785 490 4807 ¹
509 4775 639 4828 Omitted
652 4775 680 4823 in
694 4774 749 4822 MS.
823 4778 833 4800 ²
852 4773 885 4822 lu
898 4787 915 4822 a
929 4771 999 4819 later
1011 4765 1096 4815 hand,
