3950 5625
774 733 868 799 Aors
893 752 938 799 or
963 736 1141 800 Cunpren.
1451 752 1512 816 115

494 913 564 976 Nos
578 913 684 998 igitur
695 915 901 979 mandatum
917 914 1000 978 dicti
1018 935 1094 978 ven.
1113 916 1221 999 patris
1238 922 1340 998 prout
1357 920 1514 979 tenemur
1527 906 1727 1024 (fflfiffiffnffi

401 1017 520 1082 debite
536 1024 754 1102 exequentes,
772 1025 807 1083 te
823 1019 857 1082 in
874 1039 1054 1102 personam
1071 1020 1190 1103 Mag'ri
1208 1020 1309 1083 Rob'i
1326 1020 1368 1084 de
1385 1019 1513 1083 Dalton
1601 992 1618 1024 υ
1698 1010 1703 1021 ’

404 1123 638 1205 procuraturis
670 1123 722 1186 tui
753 1123 978 1188 sufficientem
1011 1129 1221 1206 potestatem
1253 1125 1287 1187 in
1320 1124 1384 1188 hac
1416 1130 1514 1206 parte

404 1227 575 1301 habentis,
600 1227 635 1290 in
658 1228 869 1310 corporalem
893 1227 1140 1310 possessionem
1163 1228 1254 1293 dicte
1277 1227 1449 1311 prebende
1472 1227 1514 1291 de

405 1331 638 1415 Stanwygges,
661 1331 801 1396 stallum
824 1332 858 1396 in
879 1333 983 1395 choro
1005 1338 1038 1396 et
1060 1332 1173 1396 locum
1194 1333 1229 1396 in
1250 1332 1403 1415 capitulo
1423 1332 1515 1396 dicte

405 1435 578 1518 prebende
604 1435 722 1499 debita
748 1442 783 1501 et
809 1442 974 1501 consueta
1001 1437 1223 1520 assignantes,
1251 1458 1329 1501 cum
1355 1437 1515 1501 omnibus

405 1539 536 1604 iuribus
564 1545 599 1603 et
628 1540 750 1624 pertin.
781 1541 851 1606 suis
878 1541 1046 1605 uniuersis
1074 1541 1118 1605 ad
1147 1541 1276 1605 dictam
1305 1541 1514 1625 prebendam

349 1686 353 1690 -
406 1644 658 1727 pertinentibus
677 1644 876 1709 induximus
894 1645 929 1708 in
948 1645 1078 1709 eadem.

495 1799 536 1862 In
560 1798 656 1864 cuius
680 1799 727 1863 rei
751 1804 830 1864 test.
855 1799 915 1883 sig.
941 1820 973 1863 n.
999 1800 1215 1882 presentibus
1238 1806 1289 1864 est
1313 1820 1513 1884 appensum.

407 1904 487 1968 Dat.
514 1904 549 1967 in
573 1903 677 1967 domo
700 1904 775 1968 n'ra
798 1903 999 1987 capitulari,
1025 1919 1088 1968 xx0
1111 1904 1165 1968 die
1191 1926 1296 1969 mens.
1323 1905 1513 1988 Septembr.

407 2009 507 2072 Anno
527 2009 607 2072 D’ni
627 2008 1074 2091 Mill'moccem0lxxxiiij10.

408 2207 457 2274 5²·
641 2187 728 2268 (182)
756 2187 811 2250 Du
836 2203 1017 2251 caurauni
1043 2204 1090 2249 oe
1114 2186 1295 2251 Cromen.

495 2329 665 2395 Nouerint
684 2329 833 2394 vniuersi
853 2349 913 2414 per
931 2335 1106 2412 presentes
1125 2330 1218 2414 quod
1237 2350 1299 2393 nos
1319 2328 1517 2413 Capitulum
1596 2338 1669 2397 1383.

409 2435 547 2501 ecclesie
568 2434 745 2519 collegiate
767 2433 904 2517 Rypon’
928 2434 1031 2498 Ebur.
1055 2434 1142 2498 dioc.
1166 2434 1210 2498 ad
1231 2433 1422 2498 cantariam
1444 2433 1518 2497 S'ce
1574 2404 1696 2542 ἒξζξὶέῐ

409 2539 514 2604 Marie
532 2539 567 2602 in
586 2538 725 2623 Capella
744 2538 786 2602 de
805 2538 954 2603 Cluther'
975 2558 1036 2622 per
1054 2539 1320 2623 resignacionem
1339 2537 1411 2601 d'ni
1431 2538 1518 2601 Ric'i
1586 2562 1685 2608 norme.

409 2643 450 2708 de
470 2643 629 2727 Topclyff
649 2642 762 2706 vltimi
783 2642 956 2726 Capellani
978 2643 1130 2707 eiusdem
1150 2643 1303 2707 cantarie
1323 2648 1518 2716 vacantem,

413 2769 479 2834 que
503 2754 555 2812 est
579 2747 622 2811 de
645 2753 834 2832 patronatu
858 2747 929 2811 d’ni
954 2747 1130 2831 Ranulphi
1155 2747 1277 2832 Pygot,
1299 2747 1427 2823 Militis,
1449 2746 1521 2810 d'ni

414 2852 455 2917 de
480 2852 643 2927 Cluther',
671 2852 767 2915 d'nm
793 2851 929 2934 Joh'em
955 2852 997 2916 de
1022 2851 1211 2927 Wakefeld,
1237 2852 1452 2935 capellanum
1478 2852 1522 2915 ad

414 2956 557 3021 eandem
585 2956 783 3021 Cantariam
810 2956 960 3041 legitime
986 2961 1223 3039 presentatum
1247 2955 1458 3031 admisimus,
1483 2976 1522 3019 ac

415 3060 525 3143 ipsum
558 3060 782 3143 Capellanum
814 3067 1019 3145 perpetuum
1051 3061 1264 3125 instituimus
1295 3061 1457 3125 canonice
1488 3061 1522 3123 in

415 3164 533 3228 eadem
557 3164 592 3227 in
617 3164 727 3228 forma
752 3164 979 3229 ordinacionis
1004 3166 1156 3230 eiusdem
1180 3166 1333 3229 cantorie
1357 3165 1458 3240 lacte,
1484 3186 1523 3228 ac

318 3304 319 3307 κ
415 3270 560 3334 eundem
587 3269 683 3334 d'nm
711 3270 847 3352 Joh’em
875 3270 911 3334 in
938 3270 1149 3354 corporalem
1176 3270 1423 3353 possessionem
1450 3269 1524 3333 d’ce

414 3374 566 3438 cantarie
591 3394 670 3438 curn
696 3374 765 3437 suis
797 3374 927 3439 iuribus
956 3380 991 3438 et
1023 3374 1244 3457 pertinenciis
1276 3374 1443 3438 vniuersis
1474 3374 1524 3437 in-

415 3477 576 3544 duximus
603 3478 638 3541 in
666 3477 796 3543 eadem.
845 3478 886 3542 In
908 3479 1005 3543 cuius
1036 3479 1082 3542 rei
1112 3478 1348 3543 testimonium
1376 3478 1523 3562 sigillum

415 3589 570 3648 nostrum
587 3583 802 3665 presentibus
821 3589 872 3647 est
892 3604 1093 3666 appensum.
1142 3583 1222 3647 Dat.
1238 3583 1272 3647 in
1287 3583 1390 3647 domo
1406 3588 1523 3646 nostra

416 3686 613 3771 Capitulum,
641 3686 707 3770 iiij0
735 3687 790 3751 die
819 3688 943 3751 mensis
971 3688 1065 3771 Maij,
1094 3688 1195 3751 Anno
1223 3687 1292 3751 d’ni
1323 3687 1521 3751 Millesimo¹

415 3792 621 3876 octogesimo
638 3792 752 3856 tercio
1462 3805 1464 3808 ’

419 3981 503 4064 (183)
541 3981 652 4046 Corin
686 3986 912 4046 Tesrnueun
949 3982 1124 4064 Jounuua
1161 3982 1376 4046 Mnmcunm
1410 3998 1523 4044 iuxrn

458 4103 700 4151 cuurmmuu.

503 4229 544 4292 In
577 4228 640 4292 Dei
673 4228 820 4303 nomine,
854 4228 974 4293 Amen.
1024 4227 1180 4292 Secundo
1212 4227 1266 4291 die
1299 4226 1520 4310 Septembris,

419 4332 516 4395 Anno
527 4331 598 4396 d'ni
612 4331 789 4395 Millesimo
800 4341 898 4394 ccc¹³¹⁰
908 4331 1129 4415 nonogesimo
1139 4331 1260 4413 primo,
1274 4330 1347 4414 Ego
1360 4329 1522 4412 Johanna

419 4436 609 4500 Marischall
649 4435 691 4499 de
732 4434 881 4517 Rypon',
922 4453 1139 4499 commorans
1179 4435 1277 4498 iuxta
1316 4432 1522 4497 cimiterium

419 4540 553 4605 ecclesie
589 4539 739 4623 Rypon',
776 4540 887 4603 condo
924 4541 1173 4603 testamentum
1210 4557 1324 4601 meum
1361 4537 1395 4599 in
1432 4536 1523 4600 hunc

420 4644 569 4709 modurn.
618 4644 659 4708 In
676 4642 794 4727 primis
810 4640 1014 4707 commendo
1031 4638 1182 4704 animam
1199 4661 1311 4705 meam
1329 4641 1402 4704 Deo
1419 4644 1453 4703 et
1470 4640 1522 4705 be.

490 4824 497 4847 ¹
518 4825 626 4865 “cccmo
635 4816 650 4835 ’'
665 4815 784 4865 omitted
797 4815 825 4865 iu
838 4816 895 4866 MS.
