3950 5625
474 715 539 781 234
761 699 841 764 Tire
866 699 1024 764 Iuorrssv
1048 699 1295 766 Manuscnrer.

472 898 562 952 suos,
601 878 853 962 comodumque
894 878 1064 964 singulare
1106 885 1140 943 et
1181 878 1354 963 priuatam
1393 880 1580 946 vtilitatem

472 988 680 1057 conuertere,
698 983 837 1066 perinde
855 1004 895 1047 ac
910 983 937 1047 si
958 983 1053 1047 dicta
1073 984 1248 1067 prebenda
1268 984 1409 1048 omnino
1430 993 1579 1061 vacaret,

471 1086 580 1150 donec
619 1087 661 1151 de
700 1087 864 1151 canonica
899 1087 1104 1151 admissione
1142 1094 1177 1151 et
1212 1088 1323 1153 forma
1357 1090 1581 1172 prestacionis

472 1189 655 1255 iuramenti
685 1192 880 1257 huiusmodi
911 1191 1125 1277 prebendarij
1158 1192 1308 1278 legitime
1338 1194 1517 1270 doceatur,
1548 1201 1581 1259 et

473 1295 566 1359 dicto
585 1295 744 1379 Capitulo
762 1296 970 1360 sufficienter
987 1296 1189 1361 declaretur.

288 1435 421 1562 Seffl'o·
560 1449 758 1533 Capitulum
782 1450 919 1514 ecclesie
943 1450 1129 1536 Collegiate
1154 1451 1279 1536 Ripon’
1296 1453 1485 1517 venerabili
1509 1454 1582 1517 viro

287 1591 430 1639 [numano
472 1554 613 1619 Fulconi
639 1555 946 1619 Barmamcheham
975 1555 1107 1620 fructus
1130 1562 1165 1620 et
1189 1562 1359 1640 prouenta
1382 1557 1417 1621 in
1441 1558 1582 1623 ecclesia

262 1657 458 1772 'cratippus
472 1658 658 1742 Collegiata
685 1659 840 1742 predicta
868 1680 907 1723 ac
936 1660 1107 1743 prebende
1135 1661 1178 1724 de
1206 1661 1368 1744 Stodeley
1396 1662 1431 1725 in
1460 1662 1581 1726 eadem

269 1729 457 1840 “ffirmzffim
472 1763 654 1846 occupanti
683 1769 718 1826 et
746 1763 957 1847 percipienti,
988 1764 1136 1829 salutem
1164 1765 1199 1829 in
1228 1765 1387 1830 Domino.
1436 1766 1581 1832 Nouerit

296 1859 412 1906 chelam.
472 1868 664 1931 reuerencia
697 1873 813 1931 vestra
845 1868 949 1951 quod,
985 1868 1148 1952 inspectis
1181 1869 1331 1954 registris
1364 1877 1399 1934 et
1433 1871 1581 1936 archiuis

471 1972 608 2046 nostris,
643 1971 732 2035 inter
764 1977 877 2036 cetera
911 1973 1139 2055 comperimus
1173 1973 1207 2037 in
1241 1973 1370 2037 eisdem
1403 1975 1581 2058 quoddam

471 2083 645 2141 statutum
667 2077 739 2141 siue
762 2077 1016 2141 ordinacionem
1039 2077 1105 2142 luit
1128 2078 1224 2142 cuius
1247 2085 1346 2142 tenor
1367 2079 1526 2162 sequitur
1547 2079 1581 2143 in

472 2182 533 2245 hec
549 2182 665 2256 verba,
684 2181 773 2245 Item
789 2201 867 2245 cum
884 2181 1089 2264 antiquitus
1106 2187 1170 2246 etc.
1220 2182 1260 2246 ln
1276 2202 1425 2265 quarum
1440 2183 1581 2267 quidem

471 2285 693 2369 inspeccionis
725 2291 760 2349 et
792 2285 1037 2369 compercionis
1069 2285 1306 2350 testimonium
1339 2292 1445 2370 atque
1477 2287 1580 2352 fidem

471 2391 533 2454 has
557 2390 673 2454 literas
698 2395 833 2454 nostras
857 2389 929 2453 fieri
954 2390 1097 2454 lecimus
1122 2390 1379 2466 testimoniales,
1406 2391 1581 2476 Vobisque

471 2495 666 2560 huiusmodi
701 2500 875 2559 statutum
910 2495 982 2558 sine
1017 2494 1272 2559 ordinacionem
1307 2495 1439 2559 editum
1475 2503 1580 2581 atquc

470 2601 603 2664 factum
647 2598 876 2674 notificamus,
923 2599 1147 2675 declaramus,
1194 2605 1229 2663 et
1275 2599 1477 2665 intimamus
1522 2621 1581 2685 per

470 2711 644 2788 presentes
677 2703 786 2787 sigillo
819 2709 937 2767 nostro
971 2703 1016 2766 ad
1049 2724 1170 2767 causas
1203 2702 1380 2788 sigillatos.
1428 2705 1511 2769 Dat.
1546 2705 1580 2768 in

470 2809 573 2874 domo
589 2816 707 2874 nostra
728 2807 916 2893 Capitulari
936 2818 998 2871 xm⁰
1018 2807 1073 2872 die
1093 2807 1218 2873 mensis
1240 2808 1462 2893 Septembris
1479 2809 1580 2875 Anno

470 2914 552 2978 D'ni
571 2935 606 2978 m
622 2924 736 2978 ccccmo
755 2912 876 2991 lxiiijl'.

281 3059 433 3175 Rlels‘mi
559 3071 649 3134 ltem
672 3089 751 3133 cum
775 3067 968 3151 antiquitus
992 3067 1037 3131 sit
1061 3073 1235 3132 statutum
1259 3074 1294 3132 et
1318 3068 1519 3134 ordinatum
1542 3090 1581 3135 ac

302 3194 402 3255 arijs.¹
470 3196 588 3239 eorum
612 3173 858 3238 consuetudine
882 3172 1047 3236 laudabili
1070 3172 1105 3236 in
1130 3172 1224 3236 dicta
1247 3172 1388 3236 ecclesia
1410 3173 1580 3239 usitatum

274 3285 438 3349 orkeeping
470 3287 505 3344 et
530 3281 752 3344 obseruatum
777 3277 871 3361 quod
896 3276 1052 3341 canonici
1077 3276 1136 3361 qui
1163 3276 1385 3341 residenciam
1410 3277 1580 3363 incipiunt

282 3353 429 3401 residence.
470 3385 682 3469 personalem
719 3382 834 3446 saltim
871 3382 906 3445 in
942 3402 1061 3445 eorum
1098 3381 1260 3465 primaria
1297 3381 1485 3446 residencia
1522 3403 1581 3468 per

469 3488 650 3554 duodecim
702 3487 912 3570 septimanas
949 3485 1091 3549 veniant
1129 3485 1173 3549 ad
1209 3486 1352 3550 chorum
1389 3486 1424 3550 in
1462 3507 1579 3552 eorum

469 3594 645 3658 habitibus
674 3599 708 3656 et
737 3590 828 3655 horis
857 3590 1016 3654 intersint
1045 3590 1217 3654 canonicis
1245 3590 1334 3654 sicut
1363 3590 1398 3654 in
1427 3591 1580 3676 ecclesijs

468 3697 632 3764 Suthwell
665 3703 699 3760 et
733 3695 906 3760 Beuerlac'
940 3701 992 3758 est
1024 3695 1192 3758 hactenus
1224 3696 1459 3759 obseruatum.
1507 3696 1579 3760 Nos

468 3824 549 3868 uero
567 3800 764 3866 huiusmodi
782 3799 925 3863 statutis
944 3805 978 3862 et
998 3798 1275 3863 ordinacionibus
1293 3820 1362 3863 non
1382 3799 1580 3884 derogando

468 3909 528 3972 sed
543 3906 670 3970 eisdem
686 3903 844 3970 addendo
859 3902 1058 3967 ordinamus
1073 3909 1108 3966 et
1123 3903 1310 3968 statuimus
1324 3904 1419 3986 quod
1433 3904 1580 3988 quilibet

468 4012 652 4077 canonicus
676 4009 710 4073 in
735 4008 829 4072 dicta
852 4007 993 4071 ecclesia
1017 4028 1037 4071 a
1062 4012 1216 4089 tempore
1240 4007 1447 4091 incepcionis
1471 4008 1579 4092 prime

468 4137 528 4181 sue
550 4113 733 4179 residencie
755 4112 789 4176 in
811 4111 931 4175 eadem
953 4131 1014 4195 per
1034 4110 1215 4175 duodecim
1237 4111 1448 4195 septimanas
1471 4111 1579 4175 conti·

468 4242 555 4285 nuas
587 4225 715 4283 extunc
748 4215 933 4280 inmediate
966 4220 1148 4299 sequentes
1181 4215 1316 4279 intersit
1350 4215 1511 4280 omnibus
1545 4220 1578 4279 et

290 4400 297 4411 ἢ
468 4324 608 4410 singulis
631 4322 722 4386 horis
745 4319 916 4385 canonicis
939 4320 973 4383 in
996 4320 1100 4383 choro
1123 4319 1214 4382 dicte
1237 4319 1374 4383 ecclesie
1398 4319 1433 4414 in
1456 4320 1578 4384 habitu

265 4400 446 4515 ἱέῗξὸῗὲξζὲθ
469 4452 541 4505 su0,
580 4450 620 4492 ac
656 4426 749 4510 quod
786 4424 940 4508 qualibet
977 4429 1078 4488 nocte
1115 4431 1196 4487 ante
1233 4424 1336 4487 finem
1373 4420 1578 4507 pulsacionis

276 4538 306 4581 to
319 4534 353 4582 be
366 4534 394 4581 1¹¹
408 4539 438 4582 at
470 4553 636 4617 campane
656 4532 701 4595 ad
720 4528 920 4614 ignitegium
939 4548 1000 4611 per
1019 4548 1053 4591 se
1073 4527 1117 4591 sit
1138 4527 1172 4591 in
1191 4528 1295 4591 domo
1314 4528 1501 4592 mansionis
1520 4548 1578 4592 sue

301 4601 410 4649 curlew.
472 4640 609 4713 ibidem,
632 4641 734 4720 prout
755 4634 789 4698 in
811 4632 889 4697 eccl.
912 4632 1011 4696 Cath.
1034 4633 1137 4697 Ebor.
1161 4632 1195 4695 in
1217 4632 1379 4716 primaria
1399 4639 1434 4696 et
1454 4653 1578 4717 magna

474 4749 846 4761 —---.—,-—--——-..—

543 4796 551 4818 ¹
571 4789 595 4837 Α
608 4788 672 4850 long
684 4785 830 4842 side-note,
846 4785 949 4849 mostly
963 4786 1067 4834 erased.
