3950 5625
498 704 520 764 6
774 704 857 766 Tua
884 706 1038 767 lnonuv
1065 706 1323 768 ntiuuscmpr.

319 862 373 911 Nol
387 874 416 912 to

286 936 331 976 [0⁰
345 931 407 978 tare.
429 867 462 914 be
499 874 653 952 licencia,
673 897 733 940 eos
751 878 863 940 valeat
879 899 1054 943 excusare.
1101 880 1151 942 lta
1164 879 1294 943 scilicet
1306 878 1399 960 quod
1413 891 1600 960 antequam

499 975 531 1036 in
558 975 736 1039 matutinis
759 977 911 1041 Domine
931 977 1023 1042 labia
1046 1000 1122 1042 mea
1144 992 1205 1042 etc.
1227 979 1278 1042 vel
1300 979 1422 1041 saltem
1446 979 1603 1060 psalmus

499 1089 576 1156 post
608 1075 721 1138 venite
754 1076 948 1158 incipiatur.
1016 1078 1053 1139 ln
1083 1077 1162 1141 aliis
1190 1099 1272 1141 vero
1300 1077 1406 1152 horis,
1440 1077 1539 1141 Deus
1568 1077 1601 1139 in

292 1166 455 1279 affiffigffcs
497 1172 706 1257 adjutorium
755 1176 807 1239 vel
854 1177 975 1240 saltem
1024 1191 1209 1258 antequam
1263 1177 1394 1259 primus
1446 1178 1604 1259 psalmus

282 1247 424 1344 irtuottser
498 1272 692 1356 incipiatur.
758 1275 796 1336 ln
831 1274 937 1339 missa
961 1297 1043 1339 vero
1067 1290 1253 1359 antequam
1281 1277 1377 1360 kyrie
1402 1276 1599 1358 incipiatur,

282 1359 454 1475 {ffigl'ffimffi
497 1371 610 1454 ipsum
640 1373 783 1436 chorum
814 1374 847 1436 in
881 1374 1001 1438 habitu
1033 1374 1150 1439 debito
1185 1375 1436 1459 ingrediantur,
1473 1375 1601 1439 ibidem

283 1465 447 1541 inctroros
498 1492 565 1534 non
600 1472 735 1536 laciuiis
770 1473 1056 1556 garulacionibus
1092 1496 1153 1538 seu
1193 1474 1328 1538 friuolis
1368 1474 1599 1550 intendentes,

494 1592 535 1634 ea
565 1593 633 1653 que
664 1572 729 1635 sibi
763 1572 979 1649 incumbunt,
1017 1574 1198 1656 psallendo
1236 1596 1276 1637 ac
1314 1573 1603 1656 psalmodizando

309 1671 461 1761 'donec-eto
495 1670 639 1735 honeste
657 1687 825 1755 peragant
841 1687 874 1736 et
890 1672 1025 1748 deuote,
1045 1695 1106 1737 nec
1124 1673 1237 1756 ipsum
1256 1673 1400 1738 chorum
1416 1695 1604 1755 quousque

280 1746 479 1864 ffffisss'rffl
493 1769 646 1833 debitum
679 1770 830 1834 officiunt
871 1771 985 1835 debite
1023 1773 1356 1846 consummauerint,
1393 1772 1457 1836 nisi
1496 1794 1605 1837 causa

280 1865 352 1977 2¹:⁶²·
380 1868 478 1980 [⁶0qu
495 1870 715 1934 racionabilis
748 1871 780 1933 id
812 1884 976 1953 exposcat
1007 1871 1229 1953 aliquatenus
1257 1872 1350 1936 exire
1383 1887 1599 1954 presumant.

278 1947 562 2053 ieiiiialgaiioQui
598 1969 631 2032 in
665 1970 843 2052 premissis
874 1971 927 2034 vel
964 1971 1083 2052 aliquo
1120 1971 1368 2054 premissorum
1408 1971 1604 2053 culpabiles

279 2061 398 2110 uicorum
428 2063 478 2111 Re·
494 2067 717 2132 inueniantur
742 2091 801 2152 per
822 2083 984 2134 rectorem
1010 2071 1104 2134 chori
1130 2071 1321 2135 secundum
1348 2071 1462 2135 delicti
1489 2071 1604 2153 quali-

278 2126 364 2176 siden.
692 2169 698 2181 .

492 2179 595 2232 tatem
616 2185 815 2250 puniantur.

311 2343 439 2434 {¹¹1⁰‚be
577 2342 595 2409 ⁴]
646 2344 733 2408 Cum
774 2357 888 2409 autem
927 2345 1043 2409 obitus
1080 2345 1273 2429 contingat,
1314 2344 1374 2408 fiat
1412 2346 1600 2409 seruicium

277 2417 440 2522 [Ῐῆξῖξᾞῑᾞῃ
491 2443 717 2525 solempniter
749 2445 781 2505 in
812 2445 929 2520 chore,
961 2457 993 2507 et
1021 2444 1091 2508 sint
1114 2466 1237 2508 omnes
1264 2457 1452 2526 presentes,
1481 2446 1603 2527 porcio

277 2539 342 2587 onir.
491 2563 573 2605 vero
603 2544 806 2607 absencium
838 2564 904 2607 non
935 2566 975 2607 ex
1006 2544 1162 2629 legitima
1190 2566 1296 2608 causa
1325 2557 1530 2621 reseruetur,
1560 2568 1601 2610 ac

491 2642 710 2724 presentibus
727 2643 937 2724 assignetur.

276 2805 475 2919 adfflssfssgffl
577 2815 594 2881 ‘l
646 2816 700 2878 Ad
718 2816 985 2880 deseruiendum
1009 2838 1090 2880 vero
1116 2817 1180 2899 ipsi
1206 2818 1350 2881 ecclesie
1376 2817 1537 2899 precipue
1565 2818 1597 2880 in

278 2936 465 2999 Houor-ders
490 2913 604 2978 officio
620 2916 836 2992 sacerdotali,
856 2916 1040 2990 diaconali,
1061 2938 1100 2980 ac
1121 2916 1373 2993 subdiaconali,
1396 2917 1512 2979 nullus
1531 2918 1597 2980 nisi

277 3002 444 3065 ¹¹¹¹¹e⁸⁵d¹¹¹y
491 3014 524 3076 in
552 3015 619 3078 hiis
644 3037 712 3097 que
735 3037 800 3079 suo
826 3017 1033 3080 incumbunt
1059 3015 1173 3079 officio
1200 3015 1376 3080 sufficiens
1400 3016 1600 3079 inueniatur

276 3066 411 3128 ‘'Mhfied'
490 3115 711 3196 aliquatenus
724 3115 935 3191 admittatur,
953 3115 1197 3197 propterquod
1214 3128 1250 3177 ut
1261 3116 1304 3178 de.
1319 3116 1596 3199 recipiendorum

490 3214 683 3291 ordinibus,
711 3214 792 3291 vita,
821 3215 1008 3288 literatura,
1040 3229 1154 3290 cantu,
1186 3227 1219 3277 et
1245 3215 1334 3290 aliis,
1366 3215 1472 3279 cultui
1503 3228 1597 3280 tante

490 3313 633 3378 ecclesie
652 3313 855 3378 necessariis
877 3314 986 3396 possit
1009 3335 1187 3396 apparere,
1208 3315 1372 3377 volumus
1396 3334 1435 3377 ac
1459 3314 1598 3377 ordina-

491 3435 580 3487 mus,
629 3413 722 3494 quod
768 3414 826 3495 qui
882 3413 1047 3495 deinceps
1091 3413 1217 3476 ibidem
1267 3414 1300 3475 in
1350 3414 1597 3496 presbiteratus

489 3512 694 3576 diaconatus
747 3526 806 3576 aut
859 3512 1132 3576 subdiaconatus
1186 3512 1301 3577 officio
1354 3513 1597 3579 administrare

491 3612 648 3688 voluerit,
689 3627 879 3676 memorato
918 3612 1081 3695 capitulo,
1126 3626 1283 3695 presente
1322 3627 1436 3676 tamen
1477 3614 1596 3696 aliquo

490 3712 669 3785 canonico,
739 3726 953 3795 presentetur
1014 3733 1118 3794 super
1179 3711 1357 3794 premissis
1410 3713 1598 3796 diligenter

490 3812 755 3888 examinandus,
805 3834 844 3875 ac
890 3812 950 3888 sic,
1001 3812 1196 3875 iuramento
1245 3812 1414 3894 corporali
1461 3814 1506 3876 ab
1554 3835 1596 3876 eo

492 3912 644 3994 prestito,
664 3912 757 3994 quod
777 3912 945 3994 premissa
968 3934 1008 3976 ac
1035 3911 1123 3975 alias
1149 3912 1259 3993 ipsius
1283 3911 1427 3975 ecclesie
1450 3933 1596 3976 consue·

491 4010 628 4075 tudines
646 4011 838 4075 laudabiles
860 4026 892 4075 et
917 4012 1091 4075 libertates
1115 4032 1176 4093 pro
1199 4011 1332 4074 viribus
1355 4012 1429 4074 suis
1450 4011 1532 4074 dum
1560 4012 1594 4074 in

490 4111 635 4175 ecclesia
666 4111 796 4175 steterit
824 4111 1034 4186 obseruabit,
1066 4122 1099 4173 et
1125 4111 1272 4174 consilia
1300 4111 1441 4193 capituli
1470 4111 1596 4175 celabit

490 4210 705 4290 (admittatur
722 4212 895 4287 inserted).

311 4396 385 4445 Nota
397 4397 431 4445 de
574 4387 596 4453 ‘l
639 4388 793 4450 Minores
804 4407 885 4449 vero
896 4386 1039 4450 ecclesie
1051 4386 1210 4461 ministri,
1220 4388 1340 4449 saltem
1355 4387 1387 4448 in
1401 4387 1595 4450 minoribus

277 4464 423 4576 p‘ffippps
489 4487 670 4552 ordinibus
692 4486 881 4560 constituti,
908 4486 936 4549 si
963 4486 997 4547 in
1025 4487 1216 4561 leteratura,
1242 4499 1356 4561 cantu,
1383 4485 1593 4550 sufficientes

277 4593 453 4642 ecciesieau.
490 4586 723 4661 inueniantur,
744 4598 776 4648 et
798 4585 868 4648 sint
893 4587 982 4649 bone
1007 4584 1300 4661 conuersacionis,
1328 4586 1370 4647 ad
1397 4586 1595 4648 ministran-

276 4658 476 4789 pgqfiquzlper
489 4688 571 4752 dum
589 4686 732 4751 ecclesie
750 4685 783 4747 in
802 4707 866 4749 suo
883 4684 997 4749 officio
1013 4687 1058 4749 ab
1076 4684 1152 4768 ipso
1169 4685 1321 4767 capitulo
1340 4685 1575 4749 admittantur.
