<?xml version="1.0" encoding="UTF-8"?>
<!DOCTYPE html PUBLIC "-//W3C//DTD XHTML 1.0 Transitional//EN"
    "http://www.w3.org/TR/xhtml1/DTD/xhtml1-transitional.dtd">
<html xmlns="http://www.w3.org/1999/xhtml" xml:lang="en" lang="en">
 <head>
  <title>
</title>
<meta http-equiv="Content-Type" content="text/html;charset=utf-8" />
  <meta name='ocr-system' content='tesseract 3.04.00' />
  <meta name='ocr-capabilities' content='ocr_page ocr_carea ocr_par ocr_line ocrx_word'/>
</head>
<body>
  <div class='ocr_page' id='page_1' title='image "./memorialschurch00fowlgoog_0263.png"; bbox 0 0 3950 5625; ppageno 0'>
   <div class='ocr_carea' id='block_1_1' title="bbox 779 723 1515 805">
    <p class='ocr_par' dir='ltr' id='par_1_1' title="bbox 779 723 1515 805">
     <span class='ocr_line' id='line_1_1' title="bbox 779 723 1515 805; baseline -0.001 -17"><span class='ocrx_word' id='word_1_1' title='bbox 779 724 872 788; x_wconf 83' lang='lat' dir='ltr'><strong>Acrs</strong></span> <span class='ocrx_word' id='word_1_2' title='bbox 896 740 942 788; x_wconf 82' lang='lat' dir='ltr'><strong>or</strong></span> <span class='ocrx_word' id='word_1_3' title='bbox 965 723 1144 790; x_wconf 74' lang='lat' dir='ltr'><strong>Cnnrran.</strong></span> <span class='ocrx_word' id='word_1_4' title='bbox 1451 738 1515 805; x_wconf 84' lang='lat'><strong>227</strong></span> 
     </span>
    </p>
   </div>
   <div class='ocr_carea' id='block_1_2' title="bbox 403 901 1595 2126">
    <p class='ocr_par' dir='ltr' id='par_1_2' title="bbox 403 901 1595 2126">
     <span class='ocr_line' id='line_1_2' title="bbox 405 901 1516 987; baseline -0.001 -22"><span class='ocrx_word' id='word_1_5' title='bbox 405 923 427 965; x_wconf 91' lang='lat' dir='ltr'><strong>a</strong></span> <span class='ocrx_word' id='word_1_6' title='bbox 445 909 479 966; x_wconf 91' lang='lat' dir='ltr'><strong>te</strong></span> <span class='ocrx_word' id='word_1_7' title='bbox 497 901 532 966; x_wconf 94' lang='lat' dir='ltr'><strong>in</strong></span> <span class='ocrx_word' id='word_1_8' title='bbox 551 903 615 966; x_wconf 90' lang='grc'><strong>1166</strong></span> <span class='ocrx_word' id='word_1_9' title='bbox 633 907 731 985; x_wconf 84' lang='lat' dir='ltr'><strong>parte</strong></span> <span class='ocrx_word' id='word_1_10' title='bbox 749 908 960 987; x_wconf 91' lang='lat' dir='ltr'><strong>potestatem</strong></span> <span class='ocrx_word' id='word_1_11' title='bbox 978 903 1149 977; x_wconf 82' lang='lat' dir='ltr'><strong>habentis,</strong></span> <span class='ocrx_word' id='word_1_12' title='bbox 1169 924 1209 967; x_wconf 91' lang='lat' dir='ltr'><strong>ac</strong></span> <span class='ocrx_word' id='word_1_13' title='bbox 1227 903 1339 986; x_wconf 92' lang='lat' dir='ltr'><strong>ipsum</strong></span> <span class='ocrx_word' id='word_1_14' title='bbox 1357 921 1516 986; x_wconf 87' lang='lat' dir='ltr'><strong>procura-</strong></span> 
     </span>
     <span class='ocr_line' id='line_1_3' title="bbox 405 1006 1515 1091; baseline -0.002 -21"><span class='ocrx_word' id='word_1_15' title='bbox 405 1013 516 1070; x_wconf 84' lang='lat' dir='ltr'>torem</span> <span class='ocrx_word' id='word_1_16' title='bbox 543 1007 578 1070; x_wconf 95' lang='lat' dir='ltr'><strong>in</strong></span> <span class='ocrx_word' id='word_1_17' title='bbox 606 1027 788 1091; x_wconf 83' lang='lat' dir='ltr'>personam</span> <span class='ocrx_word' id='word_1_18' title='bbox 816 1008 868 1071; x_wconf 94' lang='lat' dir='ltr'><strong>tui</strong></span> <span class='ocrx_word' id='word_1_19' title='bbox 896 1007 1125 1082; x_wconf 90' lang='lat' dir='ltr'><strong>admissimus,</strong></span> <span class='ocrx_word' id='word_1_20' title='bbox 1155 1008 1286 1091; x_wconf 89' lang='lat' dir='ltr'><strong>tibique</strong></span> <span class='ocrx_word' id='word_1_21' title='bbox 1313 1006 1452 1071; x_wconf 92' lang='lat' dir='ltr'><strong>stallum</strong></span> <span class='ocrx_word' id='word_1_22' title='bbox 1480 1006 1515 1069; x_wconf 93' lang='lat' dir='ltr'><strong>in</strong></span> 
     </span>
     <span class='ocr_line' id='line_1_4' title="bbox 404 1109 1515 1194; baseline -0.003 -19"><span class='ocrx_word' id='word_1_23' title='bbox 404 1112 508 1175; x_wconf 93' lang='lat' dir='ltr'><strong>choro</strong></span> <span class='ocrx_word' id='word_1_24' title='bbox 525 1117 559 1175; x_wconf 90' lang='lat' dir='ltr'><strong>et</strong></span> <span class='ocrx_word' id='word_1_25' title='bbox 575 1111 688 1175; x_wconf 91' lang='lat' dir='ltr'><strong>locum</strong></span> <span class='ocrx_word' id='word_1_26' title='bbox 701 1111 739 1175; x_wconf 94' lang='lat' dir='ltr'><strong>in</strong></span> <span class='ocrx_word' id='word_1_27' title='bbox 756 1111 916 1194; x_wconf 82' lang='lat' dir='ltr'><strong>Capitulo</strong></span> <span class='ocrx_word' id='word_1_28' title='bbox 933 1112 1034 1176; x_wconf 93' lang='lat' dir='ltr'><strong>dictis</strong></span> <span class='ocrx_word' id='word_1_29' title='bbox 1051 1111 1276 1176; x_wconf 85' lang='lat' dir='ltr'><strong>Canonicatui</strong></span> <span class='ocrx_word' id='word_1_30' title='bbox 1292 1116 1327 1174; x_wconf 93' lang='lat' dir='ltr'><strong>et</strong></span> <span class='ocrx_word' id='word_1_31' title='bbox 1344 1109 1515 1194; x_wconf 86' lang='lat' dir='ltr'><strong>prebende</strong></span> 
     </span>
     <span class='ocr_line' id='line_1_5' title="bbox 404 1214 1512 1300; baseline -0.001 -21"><span class='ocrx_word' id='word_1_32' title='bbox 404 1215 599 1300; x_wconf 88' lang='lat' dir='ltr'><strong>antiquitus</strong></span> <span class='ocrx_word' id='word_1_33' title='bbox 619 1215 830 1300; x_wconf 78' lang='lat' dir='ltr'><strong>pertinencia</strong></span> <span class='ocrx_word' id='word_1_34' title='bbox 851 1216 1110 1300; x_wconf 85' lang='lat' dir='ltr'><strong>assignauimus,</strong></span> <span class='ocrx_word' id='word_1_35' title='bbox 1133 1237 1173 1280; x_wconf 92' lang='grc'><strong>66</strong></span> <span class='ocrx_word' id='word_1_36' title='bbox 1193 1222 1228 1279; x_wconf 89' lang='grc'><strong>16</strong></span> <span class='ocrx_word' id='word_1_37' title='bbox 1248 1215 1283 1279; x_wconf 90' lang='grc'><strong>10</strong></span> <span class='ocrx_word' id='word_1_38' title='bbox 1303 1214 1512 1299; x_wconf 82' lang='lat' dir='ltr'><strong>corporalem</strong></span> 
     </span>
     <span class='ocr_line' id='line_1_6' title="bbox 404 1319 1512 1404; baseline -0.002 -20"><span class='ocrx_word' id='word_1_39' title='bbox 404 1321 651 1404; x_wconf 89' lang='lat' dir='ltr'><strong>possessionem</strong></span> <span class='ocrx_word' id='word_1_40' title='bbox 686 1320 858 1384; x_wconf 93' lang='lat' dir='ltr'><strong>dictorum</strong></span> <span class='ocrx_word' id='word_1_41' title='bbox 893 1320 1124 1384; x_wconf 83' lang='lat' dir='ltr'><strong>Canonicatus</strong></span> <span class='ocrx_word' id='word_1_42' title='bbox 1159 1325 1193 1383; x_wconf 89' lang='lat' dir='ltr'><strong>et</strong></span> <span class='ocrx_word' id='word_1_43' title='bbox 1228 1319 1399 1403; x_wconf 93' lang='lat' dir='ltr'><strong>prebende</strong></span> <span class='ocrx_word' id='word_1_44' title='bbox 1433 1339 1512 1382; x_wconf 93' lang='lat' dir='ltr'><strong>cum</strong></span> 
     </span>
     <span class='ocr_line' id='line_1_7' title="bbox 404 1422 1512 1508; baseline -0.003 -19"><span class='ocrx_word' id='word_1_45' title='bbox 404 1425 547 1507; x_wconf 92' lang='lat' dir='ltr'><strong>Juribus</strong></span> <span class='ocrx_word' id='word_1_46' title='bbox 572 1425 641 1488; x_wconf 93' lang='lat' dir='ltr'><strong>suis</strong></span> <span class='ocrx_word' id='word_1_47' title='bbox 666 1431 701 1488; x_wconf 91' lang='lat' dir='ltr'><strong>et</strong></span> <span class='ocrx_word' id='word_1_48' title='bbox 726 1424 947 1508; x_wconf 82' lang='lat' dir='ltr'><strong>pertinencijs</strong></span> <span class='ocrx_word' id='word_1_49' title='bbox 971 1425 1139 1489; x_wconf 77' lang='lat' dir='ltr'><strong>uniuersis</strong></span> <span class='ocrx_word' id='word_1_50' title='bbox 1163 1425 1198 1488; x_wconf 94' lang='lat' dir='ltr'><strong>in</strong></span> <span class='ocrx_word' id='word_1_51' title='bbox 1224 1444 1404 1507; x_wconf 84' lang='lat' dir='ltr'><strong>personam</strong></span> <span class='ocrx_word' id='word_1_52' title='bbox 1429 1422 1512 1486; x_wconf 91' lang='lat' dir='ltr'><strong>dicti</strong></span> 
     </span>
     <span class='ocr_line' id='line_1_8' title="bbox 404 1527 1512 1613; baseline -0.002 -21"><span class='ocrx_word' id='word_1_53' title='bbox 404 1529 635 1613; x_wconf 86' lang='lat' dir='ltr'><strong>procuratoris</strong></span> <span class='ocrx_word' id='word_1_54' title='bbox 655 1528 717 1602; x_wconf 90' lang='lat' dir='ltr'><strong>tui,</strong></span> <span class='ocrx_word' id='word_1_55' title='bbox 739 1549 778 1592; x_wconf 93' lang='lat' dir='ltr'><strong>ac</strong></span> <span class='ocrx_word' id='word_1_56' title='bbox 797 1529 911 1613; x_wconf 91' lang='lat' dir='ltr'><strong>ipsum</strong></span> <span class='ocrx_word' id='word_1_57' title='bbox 931 1534 1187 1612; x_wconf 91' lang='lat' dir='ltr'><strong>procuratorem</strong></span> <span class='ocrx_word' id='word_1_58' title='bbox 1206 1528 1241 1592; x_wconf 95' lang='lat' dir='ltr'><strong>in</strong></span> <span class='ocrx_word' id='word_1_59' title='bbox 1261 1548 1441 1612; x_wconf 86' lang='lat' dir='ltr'><strong>personam</strong></span> <span class='ocrx_word' id='word_1_60' title='bbox 1462 1527 1512 1591; x_wconf 94' lang='lat' dir='ltr'><strong>tui</strong></span> 
     </span>
     <span class='ocr_line' id='line_1_9' title="bbox 405 1631 1512 1716; baseline -0.003 -18"><span class='ocrx_word' id='word_1_61' title='bbox 405 1633 541 1698; x_wconf 80' lang='lat' dir='ltr'><strong>realiter</strong></span> <span class='ocrx_word' id='word_1_62' title='bbox 557 1632 766 1708; x_wconf 68' lang='lat' dir='ltr'><strong>induximus</strong></span> <span class='ocrx_word' id='word_1_63' title='bbox 786 1633 938 1716; x_wconf 70' lang='lat' dir='ltr'><strong>Juribus</strong></span> <span class='ocrx_word' id='word_1_64' title='bbox 958 1633 1186 1706; x_wconf 82' lang='lat' dir='ltr'><strong>libertatibus,</strong></span> <span class='ocrx_word' id='word_1_65' title='bbox 1206 1639 1240 1696; x_wconf 93' lang='lat' dir='ltr'><strong>et</strong></span> <span class='ocrx_word' id='word_1_66' title='bbox 1258 1631 1512 1696; x_wconf 91' lang='lat' dir='ltr'><strong>consuetudini-</strong></span> 
     </span>
     <span class='ocr_line' id='line_1_10' title="bbox 405 1735 1595 1822; baseline -0.003 -20"><span class='ocrx_word' id='word_1_67' title='bbox 405 1740 470 1802; x_wconf 91' lang='lat' dir='ltr'><strong>bus</strong></span> <span class='ocrx_word' id='word_1_68' title='bbox 497 1737 634 1802; x_wconf 89' lang='lat' dir='ltr'><strong>ecclesie</strong></span> <span class='ocrx_word' id='word_1_69' title='bbox 662 1743 778 1801; x_wconf 92' lang='lat' dir='ltr'><strong>nostre</strong></span> <span class='ocrx_word' id='word_1_70' title='bbox 806 1737 958 1822; x_wconf 91' lang='lat' dir='ltr'><strong>predicte</strong></span> <span class='ocrx_word' id='word_1_71' title='bbox 986 1738 1021 1800; x_wconf 92' lang='lat' dir='ltr'><strong>in</strong></span> <span class='ocrx_word' id='word_1_72' title='bbox 1050 1737 1208 1800; x_wconf 91' lang='lat' dir='ltr'><strong>omnibus</strong></span> <span class='ocrx_word' id='word_1_73' title='bbox 1236 1756 1369 1820; x_wconf 89' lang='lat' dir='ltr'><strong>semper</strong></span> <span class='ocrx_word' id='word_1_74' title='bbox 1396 1735 1509 1800; x_wconf 73' lang='lat' dir='ltr'><strong>saluis,</strong></span> <span class='ocrx_word' id='word_1_75' title='bbox 1593 1754 1595 1757; x_wconf 84' lang='lat'>·</span> 
     </span>
     <span class='ocr_line' id='line_1_11' title="bbox 405 1841 1508 1928; baseline -0.004 -21"><span class='ocrx_word' id='word_1_76' title='bbox 405 1843 446 1907; x_wconf 94' lang='lat' dir='ltr'><strong>In</strong></span> <span class='ocrx_word' id='word_1_77' title='bbox 476 1864 504 1907; x_wconf 89' lang='lat' dir='ltr'><strong>c.</strong></span> <span class='ocrx_word' id='word_1_78' title='bbox 536 1862 561 1907; x_wconf 91' lang='grc'><strong>1.</strong></span> <span class='ocrx_word' id='word_1_79' title='bbox 594 1849 618 1906; x_wconf 96' lang='grc'><strong>1.</strong></span> <span class='ocrx_word' id='word_1_80' title='bbox 650 1842 710 1926; x_wconf 85' lang='lat' dir='ltr'><strong>sig.</strong></span> <span class='ocrx_word' id='word_1_81' title='bbox 742 1864 775 1906; x_wconf 91' lang='lat' dir='ltr'><strong>n.</strong></span> <span class='ocrx_word' id='word_1_82' title='bbox 807 1842 1002 1925; x_wconf 85' lang='lat' dir='ltr'><strong>Capitulare</strong></span> <span class='ocrx_word' id='word_1_83' title='bbox 1032 1842 1247 1928; x_wconf 90' lang='lat' dir='ltr'><strong>presentibus</strong></span> <span class='ocrx_word' id='word_1_84' title='bbox 1276 1841 1508 1924; x_wconf 87' lang='lat' dir='ltr'><strong>apposuimus.</strong></span> 
     </span>
     <span class='ocr_line' id='line_1_12' title="bbox 405 1940 1511 2029; baseline -0.003 -19"><span class='ocrx_word' id='word_1_85' title='bbox 405 1948 486 2012; x_wconf 89' lang='lat' dir='ltr'><strong>Dat.</strong></span> <span class='ocrx_word' id='word_1_86' title='bbox 506 1947 542 2010; x_wconf 93' lang='lat' dir='ltr'><strong>in</strong></span> <span class='ocrx_word' id='word_1_87' title='bbox 564 1946 666 2011; x_wconf 95' lang='lat' dir='ltr'><strong>domo</strong></span> <span class='ocrx_word' id='word_1_88' title='bbox 687 1942 754 2010; x_wconf 74' lang='lat' dir='ltr'><strong>Cari</strong></span> <span class='ocrx_word' id='word_1_89' title='bbox 772 1945 866 2029; x_wconf 85' lang='lat' dir='ltr'><strong>xxvij</strong></span> <span class='ocrx_word' id='word_1_90' title='bbox 892 1946 946 2010; x_wconf 94' lang='lat' dir='ltr'><strong>die</strong></span> <span class='ocrx_word' id='word_1_91' title='bbox 967 1946 1093 2009; x_wconf 89' lang='lat' dir='ltr'><strong>mensis</strong></span> <span class='ocrx_word' id='word_1_92' title='bbox 1114 1945 1208 2028; x_wconf 88' lang='lat' dir='ltr'><strong>Junij</strong></span> <span class='ocrx_word' id='word_1_93' title='bbox 1231 1951 1266 2008; x_wconf 93' lang='lat' dir='ltr'><strong>et</strong></span> <span class='ocrx_word' id='word_1_94' title='bbox 1287 1945 1332 2009; x_wconf 85' lang='lat' dir='ltr'><strong>A⁰</strong></span> <span class='ocrx_word' id='word_1_95' title='bbox 1351 1940 1412 2008; x_wconf 88' lang='lat' dir='ltr'><strong>Doi</strong></span> <span class='ocrx_word' id='word_1_96' title='bbox 1431 1941 1511 2007; x_wconf 63' lang='grc' dir='ltr'><strong>Μ11110</strong></span> 
     </span>
     <span class='ocr_line' id='line_1_13' title="bbox 403 2050 580 2126; baseline -0.006 -9"><span class='ocrx_word' id='word_1_97' title='bbox 403 2050 580 2126; x_wconf 87' lang='lat' dir='ltr'><strong>cccclxiij⁰.</strong></span> 
     </span>
    </p>
   </div>
   <div class='ocr_carea' id='block_1_3' title="bbox 405 2238 1510 2429">
    <p class='ocr_par' dir='ltr' id='par_1_3' title="bbox 405 2238 1510 2429">
     <span class='ocr_line' id='line_1_14' title="bbox 405 2238 1510 2324; baseline -0.005 -17"><span class='ocrx_word' id='word_1_98' title='bbox 405 2248 455 2318; x_wconf 83' lang='lat'><strong>79·</strong></span> <span class='ocrx_word' id='word_1_99' title='bbox 503 2241 589 2324; x_wconf 80' lang='lat'>(323)</span> <span class='ocrx_word' id='word_1_100' title='bbox 633 2239 895 2324; x_wconf 82' lang='lat' dir='ltr'><strong>(Appointment</strong></span> <span class='ocrx_word' id='word_1_101' title='bbox 920 2239 955 2304; x_wconf 94' lang='grc'><strong>01</strong></span> <span class='ocrx_word' id='word_1_102' title='bbox 977 2239 1128 2304; x_wconf 89' lang='lat' dir='ltr'><strong>Officials</strong></span> <span class='ocrx_word' id='word_1_103' title='bbox 1152 2239 1204 2303; x_wconf 92' lang='grc'><strong>101</strong></span> <span class='ocrx_word' id='word_1_104' title='bbox 1228 2238 1510 2303; x_wconf 76' lang='lat' dir='ltr'><strong>Stanwickcum·</strong></span> 
     </span>
     <span class='ocr_line' id='line_1_15' title="bbox 450 2345 606 2429; baseline 0.013 -21"><span class='ocrx_word' id='word_1_105' title='bbox 450 2345 606 2429; x_wconf 81' lang='lat' dir='ltr'><strong>Barton).</strong></span> 
     </span>
    </p>
   </div>
   <div class='ocr_carea' id='block_1_4' title="bbox 296 2495 1711 4873">
    <p class='ocr_par' dir='ltr' id='par_1_4' title="bbox 296 2495 1711 4873">
     <span class='ocr_line' id='line_1_16' title="bbox 493 2495 1513 2580; baseline -0.002 -20"><span class='ocrx_word' id='word_1_106' title='bbox 493 2495 691 2580; x_wconf 84' lang='lat' dir='ltr'><strong>Capitulum</strong></span> <span class='ocrx_word' id='word_1_107' title='bbox 711 2496 790 2560; x_wconf 91' lang='lat' dir='ltr'><strong>eccl.</strong></span> <span class='ocrx_word' id='word_1_108' title='bbox 812 2495 893 2561; x_wconf 87' lang='lat' dir='ltr'><strong>Coll.</strong></span> <span class='ocrx_word' id='word_1_109' title='bbox 915 2497 1010 2560; x_wconf 92' lang='lat' dir='ltr'><strong>beati</strong></span> <span class='ocrx_word' id='word_1_110' title='bbox 1028 2496 1176 2560; x_wconf 88' lang='lat' dir='ltr'><strong>Wiliridi</strong></span> <span class='ocrx_word' id='word_1_111' title='bbox 1197 2496 1320 2580; x_wconf 92' lang='lat' dir='ltr'><strong>Ripon&#39;</strong></span> <span class='ocrx_word' id='word_1_112' title='bbox 1342 2495 1513 2560; x_wconf 85' lang='lat' dir='ltr'><strong>Coniratri</strong></span> 
     </span>
     <span class='ocr_line' id='line_1_17' title="bbox 296 2600 1514 2684; baseline -0.001 -20"><span class='ocrx_word' id='word_1_113' title='bbox 296 2602 303 2625; x_wconf 79' lang='lat'>²</span> <span class='ocrx_word' id='word_1_114' title='bbox 406 2606 523 2664; x_wconf 91' lang='lat' dir='ltr'><strong>nostro</strong></span> <span class='ocrx_word' id='word_1_115' title='bbox 564 2600 751 2684; x_wconf 91' lang='lat' dir='ltr'><strong>predilecto</strong></span> <span class='ocrx_word' id='word_1_116' title='bbox 794 2600 923 2684; x_wconf 87' lang='lat' dir='ltr'><strong>Mag&#39;ro</strong></span> <span class='ocrx_word' id='word_1_117' title='bbox 965 2601 1117 2684; x_wconf 92' lang='lat' dir='ltr'><strong>Johanni</strong></span> <span class='ocrx_word' id='word_1_118' title='bbox 1159 2600 1252 2665; x_wconf 84' lang='lat' dir='ltr'><strong>Clere</strong></span> <span class='ocrx_word' id='word_1_119' title='bbox 1293 2601 1328 2665; x_wconf 96' lang='lat' dir='ltr'><strong>in</strong></span> <span class='ocrx_word' id='word_1_120' title='bbox 1370 2601 1514 2664; x_wconf 91' lang='lat' dir='ltr'><strong>decretis</strong></span> 
     </span>
     <span class='ocr_line' id='line_1_18' title="bbox 409 2704 1516 2788; baseline 0 -20"><span class='ocrx_word' id='word_1_121' title='bbox 409 2704 610 2779; x_wconf 88' lang='lat' dir='ltr'><strong>Bacallari0,</strong></span> <span class='ocrx_word' id='word_1_122' title='bbox 649 2704 877 2768; x_wconf 89' lang='lat' dir='ltr'><strong>Prebendario</strong></span> <span class='ocrx_word' id='word_1_123' title='bbox 914 2706 1085 2788; x_wconf 89' lang='lat' dir='ltr'><strong>prebende</strong></span> <span class='ocrx_word' id='word_1_124' title='bbox 1121 2705 1163 2769; x_wconf 94' lang='lat' dir='ltr'><strong>de</strong></span> <span class='ocrx_word' id='word_1_125' title='bbox 1199 2705 1445 2788; x_wconf 88' lang='lat' dir='ltr'><strong>Staynewykes</strong></span> <span class='ocrx_word' id='word_1_126' title='bbox 1480 2704 1516 2768; x_wconf 90' lang='lat' dir='ltr'><strong>in</strong></span> 
     </span>
     <span class='ocr_line' id='line_1_19' title="bbox 409 2808 1516 2895; baseline 0.001 -22"><span class='ocrx_word' id='word_1_127' title='bbox 409 2808 486 2874; x_wconf 91' lang='lat' dir='ltr'><strong>eccl.</strong></span> <span class='ocrx_word' id='word_1_128' title='bbox 515 2808 702 2894; x_wconf 86' lang='lat' dir='ltr'><strong>Collegiata</strong></span> <span class='ocrx_word' id='word_1_129' title='bbox 729 2809 893 2893; x_wconf 90' lang='lat' dir='ltr'><strong>predicta,</strong></span> <span class='ocrx_word' id='word_1_130' title='bbox 919 2817 953 2874; x_wconf 91' lang='lat' dir='ltr'><strong>et</strong></span> <span class='ocrx_word' id='word_1_131' title='bbox 979 2810 1117 2874; x_wconf 90' lang='lat' dir='ltr'><strong>Rectori</strong></span> <span class='ocrx_word' id='word_1_132' title='bbox 1136 2810 1219 2875; x_wconf 88' lang='lat' dir='ltr'><strong>eccl.</strong></span> <span class='ocrx_word' id='word_1_133' title='bbox 1245 2809 1448 2895; x_wconf 88' lang='lat' dir='ltr'><strong>parochialis</strong></span> <span class='ocrx_word' id='word_1_134' title='bbox 1474 2809 1516 2874; x_wconf 95' lang='lat' dir='ltr'><strong>de</strong></span> 
     </span>
     <span class='ocr_line' id='line_1_20' title="bbox 409 2913 1517 2999; baseline 0.001 -22"><span class='ocrx_word' id='word_1_135' title='bbox 409 2913 636 2997; x_wconf 89' lang='lat' dir='ltr'><strong>Melshamby‚</strong></span> <span class='ocrx_word' id='word_1_136' title='bbox 672 2934 805 2978; x_wconf 88' lang='lat' dir='ltr'><strong>necnon</strong></span> <span class='ocrx_word' id='word_1_137' title='bbox 841 2915 970 2999; x_wconf 85' lang='lat' dir='ltr'><strong>Mag&#39;ro</strong></span> <span class='ocrx_word' id='word_1_138' title='bbox 1005 2915 1135 2979; x_wconf 91' lang='lat' dir='ltr'><strong>Thome</strong></span> <span class='ocrx_word' id='word_1_139' title='bbox 1172 2916 1341 2979; x_wconf 91' lang='lat' dir='ltr'><strong>Blakman</strong></span> <span class='ocrx_word' id='word_1_140' title='bbox 1375 2916 1410 2980; x_wconf 92' lang='lat' dir='ltr'><strong>in</strong></span> <span class='ocrx_word' id='word_1_141' title='bbox 1446 2915 1517 2979; x_wconf 92' lang='lat' dir='ltr'><strong>iure</strong></span> 
     </span>
     <span class='ocr_line' id='line_1_21' title="bbox 409 3017 1517 3103; baseline 0.001 -22"><span class='ocrx_word' id='word_1_142' title='bbox 409 3017 507 3082; x_wconf 84' lang='lat' dir='ltr'><strong>Ciuili</strong></span> <span class='ocrx_word' id='word_1_143' title='bbox 530 3018 721 3082; x_wconf 88' lang='lat' dir='ltr'><strong>Bacallario</strong></span> <span class='ocrx_word' id='word_1_144' title='bbox 743 3018 947 3083; x_wconf 87' lang='lat' dir='ltr'><strong>Comissario</strong></span> <span class='ocrx_word' id='word_1_145' title='bbox 968 3026 1097 3094; x_wconf 90' lang='lat' dir='ltr'><strong>nostr0,</strong></span> <span class='ocrx_word' id='word_1_146' title='bbox 1121 3040 1161 3083; x_wconf 90' lang='lat' dir='ltr'><strong>ac</strong></span> <span class='ocrx_word' id='word_1_147' title='bbox 1183 3019 1339 3103; x_wconf 90' lang='lat' dir='ltr'><strong>Xpoioro</strong></span> <span class='ocrx_word' id='word_1_148' title='bbox 1362 3019 1517 3083; x_wconf 90' lang='lat' dir='ltr'><strong>Kendale</strong></span> 
     </span>
     <span class='ocr_line' id='line_1_22' title="bbox 409 3122 1517 3208; baseline 0.002 -23"><span class='ocrx_word' id='word_1_149' title='bbox 409 3122 603 3206; x_wconf 89' lang='lat' dir='ltr'><strong>Capellan0,</strong></span> <span class='ocrx_word' id='word_1_150' title='bbox 637 3122 784 3186; x_wconf 91' lang='lat' dir='ltr'><strong>salutem</strong></span> <span class='ocrx_word' id='word_1_151' title='bbox 817 3123 852 3186; x_wconf 94' lang='lat' dir='ltr'><strong>in</strong></span> <span class='ocrx_word' id='word_1_152' title='bbox 885 3123 976 3187; x_wconf 90' lang='lat' dir='ltr'><strong>D’no</strong></span> <span class='ocrx_word' id='word_1_153' title='bbox 1008 3124 1263 3208; x_wconf 87' lang='lat' dir='ltr'><strong>sempiternam.</strong></span> <span class='ocrx_word' id='word_1_154' title='bbox 1311 3124 1362 3187; x_wconf 93' lang='lat' dir='ltr'><strong>De</strong></span> <span class='ocrx_word' id='word_1_155' title='bbox 1394 3124 1517 3188; x_wconf 92' lang='lat' dir='ltr'><strong>vestris</strong></span> 
     </span>
     <span class='ocr_line' id='line_1_23' title="bbox 409 3226 1517 3311; baseline 0.001 -21"><span class='ocrx_word' id='word_1_156' title='bbox 409 3226 575 3291; x_wconf 89' lang='lat' dir='ltr'><strong>fidelitate</strong></span> <span class='ocrx_word' id='word_1_157' title='bbox 596 3231 631 3290; x_wconf 93' lang='lat' dir='ltr'><strong>et</strong></span> <span class='ocrx_word' id='word_1_158' title='bbox 651 3226 821 3291; x_wconf 92' lang='lat' dir='ltr'><strong>industria</strong></span> <span class='ocrx_word' id='word_1_159' title='bbox 841 3226 1028 3311; x_wconf 92' lang='lat' dir='ltr'><strong>plurimum</strong></span> <span class='ocrx_word' id='word_1_160' title='bbox 1048 3228 1082 3291; x_wconf 95' lang='lat' dir='ltr'><strong>in</strong></span> <span class='ocrx_word' id='word_1_161' title='bbox 1103 3228 1194 3292; x_wconf 92' lang='lat' dir='ltr'><strong>D’no</strong></span> <span class='ocrx_word' id='word_1_162' title='bbox 1213 3228 1433 3303; x_wconf 89' lang='lat' dir='ltr'><strong>confidentes,</strong></span> <span class='ocrx_word' id='word_1_163' title='bbox 1455 3249 1517 3292; x_wconf 95' lang='lat' dir='ltr'><strong>vos</strong></span> 
     </span>
     <span class='ocr_line' id='line_1_24' title="bbox 409 3330 1516 3416; baseline 0.002 -23"><span class='ocrx_word' id='word_1_164' title='bbox 409 3330 443 3394; x_wconf 93' lang='lat' dir='ltr'><strong>in</strong></span> <span class='ocrx_word' id='word_1_165' title='bbox 469 3330 639 3395; x_wconf 86' lang='lat' dir='ltr'><strong>Officiales</strong></span> <span class='ocrx_word' id='word_1_166' title='bbox 666 3338 801 3395; x_wconf 92' lang='lat' dir='ltr'><strong>nostros</strong></span> <span class='ocrx_word' id='word_1_167' title='bbox 827 3337 862 3395; x_wconf 92' lang='lat' dir='ltr'><strong>et</strong></span> <span class='ocrx_word' id='word_1_168' title='bbox 889 3331 1056 3396; x_wconf 87' lang='lat' dir='ltr'><strong>Custodes</strong></span> <span class='ocrx_word' id='word_1_169' title='bbox 1082 3332 1338 3416; x_wconf 88' lang='lat' dir='ltr'><strong>spiritualitatis</strong></span> <span class='ocrx_word' id='word_1_170' title='bbox 1364 3332 1516 3396; x_wconf 90' lang='lat' dir='ltr'><strong>iurisdic-</strong></span> 
     </span>
     <span class='ocr_line' id='line_1_25' title="bbox 410 3435 1708 3521; baseline 0.002 -22"><span class='ocrx_word' id='word_1_171' title='bbox 410 3435 514 3500; x_wconf 92' lang='lat' dir='ltr'><strong>cionis</strong></span> <span class='ocrx_word' id='word_1_172' title='bbox 544 3440 663 3498; x_wconf 92' lang='lat' dir='ltr'><strong>nostre</strong></span> <span class='ocrx_word' id='word_1_173' title='bbox 695 3435 911 3519; x_wconf 89' lang='lat' dir='ltr'><strong>prebendalis</strong></span> <span class='ocrx_word' id='word_1_174' title='bbox 940 3436 982 3500; x_wconf 93' lang='lat' dir='ltr'><strong>de</strong></span> <span class='ocrx_word' id='word_1_175' title='bbox 1017 3436 1243 3521; x_wconf 87' lang='lat' dir='ltr'><strong>Staynwykes</strong></span> <span class='ocrx_word' id='word_1_176' title='bbox 1272 3458 1351 3501; x_wconf 91' lang='lat' dir='ltr'><strong>cum</strong></span> <span class='ocrx_word' id='word_1_177' title='bbox 1385 3437 1516 3501; x_wconf 88' lang='lat' dir='ltr'><strong>Barton</strong></span> <span class='ocrx_word' id='word_1_178' title='bbox 1554 3463 1708 3512; x_wconf 80' lang='lat' dir='ltr'><strong>Prehendal</strong></span> 
     </span>
     <span class='ocr_line' id='line_1_26' title="bbox 409 3530 1711 3627; baseline 0.002 -24"><span class='ocrx_word' id='word_1_179' title='bbox 409 3539 602 3623; x_wconf 89' lang='lat' dir='ltr'><strong>preficimus</strong></span> <span class='ocrx_word' id='word_1_180' title='bbox 630 3560 690 3624; x_wconf 91' lang='lat' dir='ltr'><strong>per</strong></span> <span class='ocrx_word' id='word_1_181' title='bbox 716 3547 900 3624; x_wconf 70' lang='lat' dir='ltr'><strong>presentes</strong></span> <span class='ocrx_word' id='word_1_182' title='bbox 928 3547 962 3605; x_wconf 92' lang='lat' dir='ltr'><strong>et</strong></span> <span class='ocrx_word' id='word_1_183' title='bbox 988 3541 1034 3605; x_wconf 93' lang='lat' dir='ltr'><strong>ad</strong></span> <span class='ocrx_word' id='word_1_184' title='bbox 1061 3543 1284 3627; x_wconf 86' lang='lat' dir='ltr'><strong>cognoscend.</strong></span> <span class='ocrx_word' id='word_1_185' title='bbox 1311 3541 1513 3626; x_wconf 89' lang='lat' dir='ltr'><strong>procedend.</strong></span> <span class='ocrx_word' id='word_1_186' title='bbox 1537 3530 1711 3595; x_wconf 79' lang='lat' dir='ltr'><strong>jurisdiction</strong></span> 
     </span>
     <span class='ocr_line' id='line_1_27' title="bbox 409 3644 1516 3731; baseline 0.004 -24"><span class='ocrx_word' id='word_1_187' title='bbox 409 3644 582 3709; x_wconf 86' lang='lat' dir='ltr'><strong>statuend.</strong></span> <span class='ocrx_word' id='word_1_188' title='bbox 608 3644 643 3707; x_wconf 94' lang='lat' dir='ltr'><strong>in</strong></span> <span class='ocrx_word' id='word_1_189' title='bbox 674 3645 833 3709; x_wconf 91' lang='lat' dir='ltr'><strong>omnibus</strong></span> <span class='ocrx_word' id='word_1_190' title='bbox 864 3650 899 3708; x_wconf 90' lang='lat' dir='ltr'><strong>et</strong></span> <span class='ocrx_word' id='word_1_191' title='bbox 930 3646 1071 3731; x_wconf 87' lang='lat' dir='ltr'><strong>singulis</strong></span> <span class='ocrx_word' id='word_1_192' title='bbox 1101 3647 1213 3711; x_wconf 89' lang='lat' dir='ltr'><strong>causis</strong></span> <span class='ocrx_word' id='word_1_193' title='bbox 1243 3653 1277 3710; x_wconf 93' lang='lat' dir='ltr'><strong>et</strong></span> <span class='ocrx_word' id='word_1_194' title='bbox 1305 3646 1454 3731; x_wconf 85' lang='lat' dir='ltr'><strong>negocijs</strong></span> <span class='ocrx_word' id='word_1_195' title='bbox 1481 3647 1516 3711; x_wconf 92' lang='lat' dir='ltr'><strong>in</strong></span> 
     </span>
     <span class='ocr_line' id='line_1_28' title="bbox 408 3748 1516 3833; baseline 0.004 -22"><span class='ocrx_word' id='word_1_196' title='bbox 408 3748 644 3813; x_wconf 91' lang='lat' dir='ltr'><strong>iurisdiccione</strong></span> <span class='ocrx_word' id='word_1_197' title='bbox 668 3748 824 3833; x_wconf 89' lang='lat' dir='ltr'><strong>predicta</strong></span> <span class='ocrx_word' id='word_1_198' title='bbox 847 3749 951 3813; x_wconf 90' lang='lat' dir='ltr'><strong>motis</strong></span> <span class='ocrx_word' id='word_1_199' title='bbox 972 3750 1028 3814; x_wconf 86' lang='lat' dir='ltr'><strong>vel</strong></span> <span class='ocrx_word' id='word_1_200' title='bbox 1049 3751 1238 3826; x_wconf 92' lang='lat' dir='ltr'><strong>mouendis,</strong></span> <span class='ocrx_word' id='word_1_201' title='bbox 1261 3772 1301 3815; x_wconf 91' lang='grc'><strong>66</strong></span> <span class='ocrx_word' id='word_1_202' title='bbox 1323 3771 1380 3815; x_wconf 89' lang='lat' dir='ltr'><strong>eas</strong></span> <span class='ocrx_word' id='word_1_203' title='bbox 1400 3751 1455 3815; x_wconf 87' lang='lat' dir='ltr'><strong>vel</strong></span> <span class='ocrx_word' id='word_1_204' title='bbox 1476 3772 1516 3816; x_wconf 91' lang='lat' dir='ltr'><strong>ea</strong></span> 
     </span>
     <span class='ocr_line' id='line_1_29' title="bbox 408 3852 1514 3939; baseline 0.005 -23"><span class='ocrx_word' id='word_1_205' title='bbox 408 3852 474 3916; x_wconf 88' lang='lat' dir='ltr'><strong>fine</strong></span> <span class='ocrx_word' id='word_1_206' title='bbox 494 3852 611 3916; x_wconf 92' lang='lat' dir='ltr'><strong>debito</strong></span> <span class='ocrx_word' id='word_1_207' title='bbox 631 3853 849 3929; x_wconf 89' lang='lat' dir='ltr'><strong>terminand,</strong></span> <span class='ocrx_word' id='word_1_208' title='bbox 870 3874 1004 3917; x_wconf 89' lang='lat' dir='ltr'><strong>necnon</strong></span> <span class='ocrx_word' id='word_1_209' title='bbox 1024 3854 1068 3918; x_wconf 89' lang='lat' dir='ltr'><strong>ad</strong></span> <span class='ocrx_word' id='word_1_210' title='bbox 1088 3854 1274 3938; x_wconf 86' lang='lat' dir='ltr'><strong>corrigend.</strong></span> <span class='ocrx_word' id='word_1_211' title='bbox 1296 3861 1331 3918; x_wconf 87' lang='lat' dir='ltr'><strong>et</strong></span> <span class='ocrx_word' id='word_1_212' title='bbox 1352 3855 1514 3939; x_wconf 87' lang='lat' dir='ltr'><strong>puniend.</strong></span> 
     </span>
     <span class='ocr_line' id='line_1_30' title="bbox 409 3956 1516 4043; baseline 0.005 -24"><span class='ocrx_word' id='word_1_213' title='bbox 409 3977 448 4020; x_wconf 93' lang='lat' dir='ltr'><strong>ac</strong></span> <span class='ocrx_word' id='word_1_214' title='bbox 468 3956 585 4020; x_wconf 92' lang='lat' dir='ltr'><strong>debite</strong></span> <span class='ocrx_word' id='word_1_215' title='bbox 604 3956 810 4021; x_wconf 85' lang='lat' dir='ltr'><strong>reformand.</strong></span> <span class='ocrx_word' id='word_1_216' title='bbox 829 3957 972 4021; x_wconf 89' lang='lat' dir='ltr'><strong>crimina</strong></span> <span class='ocrx_word' id='word_1_217' title='bbox 992 3963 1027 4020; x_wconf 87' lang='lat' dir='ltr'><strong>et</strong></span> <span class='ocrx_word' id='word_1_218' title='bbox 1046 3977 1203 4022; x_wconf 89' lang='lat' dir='ltr'><strong>excessus</strong></span> <span class='ocrx_word' id='word_1_219' title='bbox 1221 3979 1516 4043; x_wconf 90' lang='lat' dir='ltr'><strong>quorumcumque</strong></span> 
     </span>
     <span class='ocr_line' id='line_1_31' title="bbox 409 4060 1516 4144; baseline 0.003 -20"><span class='ocrx_word' id='word_1_220' title='bbox 409 4060 638 4135; x_wconf 92' lang='lat' dir='ltr'><strong>subditorum,</strong></span> <span class='ocrx_word' id='word_1_221' title='bbox 660 4067 733 4125; x_wconf 91' lang='grc'><strong>1601</strong></span> <span class='ocrx_word' id='word_1_222' title='bbox 753 4061 958 4125; x_wconf 88' lang='lat' dir='ltr'><strong>Clericorum</strong></span> <span class='ocrx_word' id='word_1_223' title='bbox 978 4081 1084 4144; x_wconf 93' lang='lat' dir='ltr'><strong>quam</strong></span> <span class='ocrx_word' id='word_1_224' title='bbox 1103 4061 1267 4126; x_wconf 81' lang='lat' dir='ltr'><strong>laieorum</strong></span> <span class='ocrx_word' id='word_1_225' title='bbox 1286 4068 1401 4126; x_wconf 91' lang='lat' dir='ltr'><strong>nostre</strong></span> <span class='ocrx_word' id='word_1_226' title='bbox 1420 4063 1516 4127; x_wconf 93' lang='lat' dir='ltr'><strong>iuris-</strong></span> 
     </span>
     <span class='ocr_line' id='line_1_32' title="bbox 409 4164 1517 4239; baseline 0.003 -11"><span class='ocrx_word' id='word_1_227' title='bbox 409 4164 571 4228; x_wconf 90' lang='lat' dir='ltr'><strong>diccionis</strong></span> <span class='ocrx_word' id='word_1_228' title='bbox 611 4165 795 4239; x_wconf 91' lang='lat' dir='ltr'><strong>antedicte,</strong></span> <span class='ocrx_word' id='word_1_229' title='bbox 836 4170 871 4228; x_wconf 91' lang='lat' dir='ltr'><strong>et</strong></span> <span class='ocrx_word' id='word_1_230' title='bbox 912 4164 956 4228; x_wconf 91' lang='lat' dir='ltr'><strong>ad</strong></span> <span class='ocrx_word' id='word_1_231' title='bbox 996 4164 1190 4229; x_wconf 90' lang='lat' dir='ltr'><strong>insinuand.</strong></span> <span class='ocrx_word' id='word_1_232' title='bbox 1232 4171 1442 4231; x_wconf 90' lang='lat' dir='ltr'><strong>testamenta</strong></span> <span class='ocrx_word' id='word_1_233' title='bbox 1481 4173 1517 4231; x_wconf 88' lang='lat' dir='ltr'><strong>et</strong></span> 
     </span>
     <span class='ocr_line' id='line_1_33' title="bbox 336 4268 1516 4359; baseline 0.003 -28"><span class='ocrx_word' id='word_1_234' title='bbox 336 4355 339 4359; x_wconf 17' lang='grc'><em>.</em></span> <span class='ocrx_word' id='word_1_235' title='bbox 409 4268 549 4332; x_wconf 92' lang='lat' dir='ltr'><strong>vltimas</strong></span> <span class='ocrx_word' id='word_1_236' title='bbox 579 4268 777 4332; x_wconf 92' lang='lat' dir='ltr'><strong>voluntates</strong></span> <span class='ocrx_word' id='word_1_237' title='bbox 807 4268 1060 4343; x_wconf 85' lang='lat' dir='ltr'><strong>defunctorum,</strong></span> <span class='ocrx_word' id='word_1_238' title='bbox 1091 4269 1328 4334; x_wconf 87' lang='lat' dir='ltr'><strong>committend.</strong></span> <span class='ocrx_word' id='word_1_239' title='bbox 1360 4291 1427 4354; x_wconf 91' lang='lat' dir='ltr'><strong>que</strong></span> <span class='ocrx_word' id='word_1_240' title='bbox 1457 4271 1516 4335; x_wconf 88' lang='lat' dir='ltr'><strong>ad-</strong></span> 
     </span>
     <span class='ocr_line' id='line_1_34' title="bbox 409 4372 1517 4439; baseline 0.004 -4"><span class='ocrx_word' id='word_1_241' title='bbox 409 4372 701 4436; x_wconf 90' lang='lat' dir='ltr'><strong>ministracionem</strong></span> <span class='ocrx_word' id='word_1_242' title='bbox 745 4373 913 4436; x_wconf 92' lang='lat' dir='ltr'><strong>bonorum</strong></span> <span class='ocrx_word' id='word_1_243' title='bbox 957 4372 1153 4436; x_wconf 90' lang='lat' dir='ltr'><strong>huiusmodi</strong></span> <span class='ocrx_word' id='word_1_244' title='bbox 1197 4372 1439 4438; x_wconf 80' lang='lat' dir='ltr'><strong>detunctorum</strong></span> <span class='ocrx_word' id='word_1_245' title='bbox 1482 4382 1517 4439; x_wconf 89' lang='grc'><strong>61</strong></span> 
     </span>
     <span class='ocr_line' id='line_1_35' title="bbox 409 4475 1518 4560; baseline 0.003 -21"><span class='ocrx_word' id='word_1_246' title='bbox 409 4476 554 4540; x_wconf 91' lang='lat' dir='ltr'><strong>aliorum</strong></span> <span class='ocrx_word' id='word_1_247' title='bbox 580 4476 793 4540; x_wconf 90' lang='lat' dir='ltr'><strong>abintestato</strong></span> <span class='ocrx_word' id='word_1_248' title='bbox 820 4475 1062 4539; x_wconf 88' lang='lat' dir='ltr'><strong>decedencium</strong></span> <span class='ocrx_word' id='word_1_249' title='bbox 1088 4476 1122 4539; x_wconf 92' lang='lat' dir='ltr'><strong>in</strong></span> <span class='ocrx_word' id='word_1_250' title='bbox 1148 4475 1284 4559; x_wconf 79' lang='lat' dir='ltr'><strong>prefata</strong></span> <span class='ocrx_word' id='word_1_251' title='bbox 1309 4478 1383 4540; x_wconf 91' lang='lat' dir='ltr'><strong>n’ra</strong></span> <span class='ocrx_word' id='word_1_252' title='bbox 1409 4477 1518 4560; x_wconf 91' lang='lat' dir='ltr'><strong>Juris·</strong></span> 
     </span>
     <span class='ocr_line' id='line_1_36' title="bbox 409 4579 1518 4663; baseline 0.002 -19"><span class='ocrx_word' id='word_1_253' title='bbox 409 4580 561 4644; x_wconf 88' lang='lat' dir='ltr'><strong>diccione</strong></span> <span class='ocrx_word' id='word_1_254' title='bbox 577 4580 813 4654; x_wconf 89' lang='lat' dir='ltr'><strong>existencium,</strong></span> <span class='ocrx_word' id='word_1_255' title='bbox 830 4579 895 4642; x_wconf 92' lang='lat' dir='ltr'><strong>illis</strong></span> <span class='ocrx_word' id='word_1_256' title='bbox 910 4579 1037 4663; x_wconf 92' lang='lat' dir='ltr'><strong>quibus</strong></span> <span class='ocrx_word' id='word_1_257' title='bbox 1052 4579 1094 4643; x_wconf 92' lang='lat' dir='ltr'><strong>de</strong></span> <span class='ocrx_word' id='word_1_258' title='bbox 1109 4580 1181 4643; x_wconf 91' lang='lat' dir='ltr'><strong>iure</strong></span> <span class='ocrx_word' id='word_1_259' title='bbox 1196 4599 1256 4643; x_wconf 91' lang='lat' dir='ltr'><strong>seu</strong></span> <span class='ocrx_word' id='word_1_260' title='bbox 1271 4581 1518 4646; x_wconf 91' lang='lat' dir='ltr'><strong>consuetudine</strong></span> 
     </span>
     <span class='ocr_line' id='line_1_37' title="bbox 399 4682 1518 4766; baseline 0.003 -19"><span class='ocrx_word' id='word_1_261' title='bbox 399 4684 513 4761; x_wconf 54' lang='lat' dir='ltr'><strong>„tuerit</strong></span> <span class='ocrx_word' id='word_1_262' title='bbox 532 4682 792 4757; x_wconf 88' lang='lat' dir='ltr'><strong>committenda,</strong></span> <span class='ocrx_word' id='word_1_263' title='bbox 813 4683 1007 4765; x_wconf 91' lang='lat' dir='ltr'><strong>Omniaque</strong></span> <span class='ocrx_word' id='word_1_264' title='bbox 1026 4682 1093 4747; x_wconf 90' lang='lat' dir='ltr'><strong>alia</strong></span> <span class='ocrx_word' id='word_1_265' title='bbox 1111 4682 1298 4766; x_wconf 85' lang='lat' dir='ltr'><strong>etsingula</strong></span> <span class='ocrx_word' id='word_1_266' title='bbox 1317 4684 1462 4750; x_wconf 84' lang='lat' dir='ltr'><strong>iaciend.</strong></span> <span class='ocrx_word' id='word_1_267' title='bbox 1483 4693 1518 4750; x_wconf 93' lang='lat' dir='ltr'><strong>et</strong></span> 
     </span>
     <span class='ocr_line' id='line_1_38' title="bbox 412 4785 1519 4873; baseline 0.005 -23"><span class='ocrx_word' id='word_1_268' title='bbox 412 4787 589 4867; x_wconf 87' lang='lat' dir='ltr'><strong>exercend.</strong></span> <span class='ocrx_word' id='word_1_269' title='bbox 608 4805 675 4870; x_wconf 92' lang='lat' dir='ltr'><strong>que</strong></span> <span class='ocrx_word' id='word_1_270' title='bbox 690 4785 726 4848; x_wconf 90' lang='lat' dir='ltr'><strong>in</strong></span> <span class='ocrx_word' id='word_1_271' title='bbox 741 4786 913 4869; x_wconf 90' lang='lat' dir='ltr'><strong>premissis</strong></span> <span class='ocrx_word' id='word_1_272' title='bbox 929 4789 963 4849; x_wconf 93' lang='lat' dir='ltr'><strong>et</strong></span> <span class='ocrx_word' id='word_1_273' title='bbox 979 4786 1069 4850; x_wconf 87' lang='lat' dir='ltr'><strong>circa</strong></span> <span class='ocrx_word' id='word_1_274' title='bbox 1083 4785 1262 4872; x_wconf 92' lang='lat' dir='ltr'><strong>quodlibet</strong></span> <span class='ocrx_word' id='word_1_275' title='bbox 1277 4788 1519 4873; x_wconf 90' lang='lat' dir='ltr'><strong>premissorum</strong></span> 
     </span>
    </p>
   </div>
   <div class='ocr_carea' id='block_1_5' title="bbox 0 0 1984 5625">
    <p class='ocr_par' dir='ltr' id='par_1_5' title="bbox 0 0 1984 5625">
     <span class='ocr_line' id='line_1_39' title="bbox 0 0 1984 5625; baseline 0 0"><span class='ocrx_word' id='word_1_276' title='bbox 0 0 1984 5625; x_wconf 95' lang='lat' dir='ltr'><strong> </strong></span> 
     </span>
    </p>
   </div>
  </div>
 </body>
</html>
