3950 5625
321 3321 396 3368 1410,

297 3374 362 3437 May
378 3388 418 3435 30.

261 3441 312 3504 Bp.
333 3442 455 3491 Clifford.

479 697 544 762 160
766 701 844 764 Tus
869 699 1026 765 lucum(
1050 701 1296 765 Mnuusciupr.

472 877 627 943 'Rob'tus
651 879 790 962 Lytster
813 880 896 943 alias
920 880 962 943 de
986 879 1226 963 Asmonderby
1249 880 1409 962 primitus
1433 881 1587 964 optinuit

476 1003 537 1067 per
568 983 834 1068 resignacionem
866 984 949 1047 dicti
983 984 1054 1047 d'ni
1088 983 1231 1047 Roberti
1263 1004 1378 1048 coram
1410 985 1511 1048 nobis
1544 1006 1587 1050 ex

477 1108 580 1151 causa
614 1087 880 1172 permutacionis
916 1087 1070 1151 faciende
1105 1109 1184 1152 cum
1219 1087 1381 1152 Cantaria
1416 1096 1586 1172 perpetua

477 1191 542 1255 S'ci
555 1191 690 1255 Andree
703 1191 793 1274 Ap'li
810 1192 845 1255 in
858 1192 936 1256 eccl.
953 1191 1034 1256 Coll.
1049 1192 1213 1275 predicta,
1228 1193 1300 1256 n're
1314 1192 1584 1274 Jurisdiccionis,

476 1316 581 1379 quam
613 1295 703 1359 idern
736 1295 811 1358 d’ns
843 1295 960 1377 Joh'es
992 1295 1034 1358 de
1067 1295 1208 1360 Fullord
1239 1295 1399 1379 primitus
1430 1296 1586 1380 optinuit

477 1399 605 1462 factam
643 1405 677 1463 et
715 1419 776 1482 per
812 1420 874 1463 nos
912 1399 1097 1463 admissam
1130 1405 1324 1473 vacantem,
1360 1400 1434 1463 vice
1468 1407 1586 1465 vestra

476 1503 694 1578 contulimus,
724 1508 758 1566 et
786 1503 898 1586 ipsum
926 1504 1063 1585 Joh'em
1091 1523 1151 1586 per
1177 1503 1319 1566 modum
1347 1508 1382 1566 et
1409 1524 1452 1567 ex
1480 1524 1586 1568 causa

476 1607 741 1690 permutacionis
756 1607 951 1671 huiusmodi
965 1628 1026 1690 per
1038 1607 1115 1671 libri
1130 1607 1355 1671 tradicionem
1369 1607 1586 1673 instituimus

475 1711 636 1775 canonice
669 1711 703 1775 in
732 1711 861 1785 eadem,
887 1732 965 1775 cum
988 1711 1058 1774 suis
1081 1711 1211 1775 iuribus
1235 1716 1269 1774 et
1293 1716 1378 1793 pert.
1404 1711 1584 1777 vniuersis.

476 1815 683 1880 Induccione
706 1815 790 1879 dicti
813 1815 884 1878 d'ni
908 1815 1019 1897 Joh'is
1043 1815 1078 1878 in
1102 1815 1312 1898 corporalem
1335 1816 1584 1899 possessionem

475 1919 566 1983 dicte
592 1919 717 1983 vicarie
744 1919 786 1982 de
812 1920 972 1983 Aluethle
999 1939 1038 1982 ac
1064 1919 1170 2001 ipsius
1197 1919 1392 1983 obediencie
1419 1921 1585 1984 canonice

475 2023 670 2107 recepcione
714 2023 812 2087 vobis
856 2024 1048 2106 specialiter
1091 2023 1282 2087 reseruatis
1331 2023 1584 2088 Patemitatem
1620 2097 1622 2099 ,

474 2133 626 2190 vestram
645 2127 866 2191 reuerendam
884 2127 943 2190 diu
961 2132 1140 2190 conseruet
1158 2127 1193 2190 in
1213 2127 1381 2210 prosperis
1397 2127 1585 2192 clemencia

475 2230 672 2295 Saluatoris.
720 2231 801 2294 Dat
834 2230 869 2294 in
900 2231 1003 2294 domo
1034 2231 1108 2294 n'ra
1139 2229 1338 2313 Capitulari,
1370 2236 1497 2314 quarto
1528 2232 1584 2295 die

473 2335 598 2398 mensis
618 2335 775 2414 Augusti,
797 2335 897 2398 Anno
918 2335 999 2398 D'ni
1019 2335 1069 2397 M0
1088 2348 1206 2398 0000ῐῃο
1225 2334 1367 2399 decimo,

476 2552 563 2635 (234)
583 2551 762 2615 Auuissio
779 2551 856 2615 u'ui
880 2550 1007 2614 Roa'n
1026 2549 1282 2615 Asuouusnssu
1298 2569 1347 2615 nu
1364 2552 1581 2617 Canrnnmn

490 2656 586 2719 *S’ci
611 2655 768 2718 Annnse
792 2655 982 2719 APOSTOLI.

561 2822 617 2887 Ca.
640 2823 719 2888 eccl.
743 2823 824 2888 Coll.
846 2824 898 2888 be.
921 2823 1030 2888 Wilfr.
1054 2824 1132 2908 Rip.
1155 2823 1212 2889 (111.
1235 2824 1333 2888 nobis
1354 2824 1389 2888 in
1410 2845 1479 2909 xpo
1500 2826 1583 2890 d'no

474 2926 514 2991 R.
541 2926 578 2991 L.
606 2927 689 2991 alias
713 2927 755 2990 de
779 2927 832 3003 A„
858 2948 905 2992 sa.
932 2927 966 2991 in
992 2933 1132 2991 auctore
1156 2928 1288 2993 salutis,
1336 2928 1485 2993 Litteras
1510 2951 1580 2995 reu.

471 3031 507 3095 in
520 3052 588 3114 xpo
604 3036 709 3115 pact
725 3031 796 3095 d'ni
814 3031 854 3095 R.
870 3030 978 3096 Lond.
994 3032 1072 3115 Ep'i
1088 3052 1150 3116 pro
1167 3038 1201 3095 te
1217 3052 1326 3116 nuper
1342 3034 1530 3116 recepimus
1547 3034 1581 3097 in

472 3137 534 3199 hec
552 3136 667 3200 verba.

560 3302 676 3366 Ric’us
694 3322 799 3385 perm.
820 3301 889 3367 diu.
910 3302 1017 3367 Lond.
1038 3303 1102 3386 Ep.
1123 3323 1198 3367 ven.
1219 3302 1301 3366 viris
1319 3302 1375 3368 Ca.
1396 3305 1475 3369 eccl.
1496 3304 1579 3369 Coll.

471 3406 504 3471 b.
527 3406 619 3470 Petri
641 3406 683 3469 de
708 3406 762 3481 R„
784 3426 830 3470 sa.
853 3406 887 3470 in
909 3407 1063 3471 omnium
1088 3407 1276 3482 Saluatore,
1299 3413 1376 3482 etc,
1401 3414 1441 3472 vt
1465 3429 1580 3493 supra.

471 3511 625 3595 Quarum
654 3510 863 3574 auctoritate
891 3511 1086 3575 litterarum
1115 3517 1220 3595 atque
1250 3512 1334 3587 n'ra,
1365 3513 1477 3577 causis
1506 3534 1581 3597 per-

470 3614 676 3679 mutacionis
717 3635 778 3698 per
816 3635 878 3678 nos
918 3615 1056 3689 auditis,
1098 3616 1314 3691 examinatis
1355 3622 1390 3680 et
1429 3617 1581 3701 plenarie

470 3718 640 3794 discussis,
661 3719 811 3803 ipsisque
830 3719 919 3783 veris
938 3724 972 3782 et
993 3719 1153 3804 legitimis
1172 3720 1323 3784 inuentis
1342 3726 1377 3785 et
1396 3728 1581 3805 propterea

470 3842 531 3905 per
555 3843 617 3886 nos
643 3822 854 3906 approbatis,
881 3823 956 3898 sibi,
983 3823 1026 3886 de
1051 3824 1148 3888 cuius
1173 3824 1304 3888 meritis
1329 3830 1364 3889 et
1389 3825 1580 3892 virtutibus

469 3927 635 3990 sinceram
659 3927 694 3990 in
717 3926 798 3990 d'no
822 3926 983 3991 fiduciam
1007 3928 1213 4011 optinemus,
1237 3928 1429 4012 predictam
1452 3930 1579 3995 Canta-

469 4030 555 4094 riam
577 4029 621 4093 ad
641 4030 759 4095 Altare
781 4030 846 4094 S'ci
866 4030 1002 4094 Andree
1023 4031 1094 4095 n're
1116 4031 1383 4113 Jurisdiccionis‚
1405 4033 1450 4097 ad
1471 4055 1579 4118 quam

469 4154 529 4217 per
550 4135 718 4198 Thomam
740 4134 782 4197 de
804 4134 1051 4219 Merkyngfeld,
1075 4156 1194 4200 verum
1217 4142 1403 4220 patronum
1425 4137 1579 4204 eiusdem
1618 4135 1622 4140 ’

469 4238 567 4302 nobis
604 4258 645 4301 ex
683 4259 786 4303 causa
822 4239 1089 4321 permutacionis
1126 4239 1217 4303 facte
1254 4261 1333 4304 cum
1369 4241 1498 4306 vicaria
1536 4243 1578 4307 de

468 4342 627 4405 Aluethle
649 4363 754 4426 quam
777 4347 816 4406 tu
838 4342 998 4425 primitus
1020 4343 1200 4426 optinuisti
1224 4344 1353 4409 iactam
1375 4350 1411 4408 et
1433 4366 1494 4428 per
1515 4368 1578 4411 nos

468 4445 653 4510 admissam
671 4451 865 4521 vacantem,
885 4446 1115 4522 admittimus,
1135 4452 1169 4510 et
1189 4453 1223 4511 te
1241 4468 1301 4532 per
1319 4448 1461 4514 modum
1481 4456 1576 4515 etex

468 4570 571 4614 causa
606 4550 873 4634 permutacionis
909 4550 1104 4615 huiusmodi
1141 4572 1201 4635 per
1236 4553 1313 4616 libri
1349 4553 1576 4618 tradicionem

468 4653 680 4718 instituimus
701 4654 862 4718 canonice
884 4654 926 4718 de
947 4655 1067 4719 eadem
1088 4676 1167 4719 cum
1188 4656 1258 4720 suis
1278 4656 1408 4721 iuribus
1429 4663 1464 4722 et
1484 4664 1572 4741 pert.

468 4758 644 4835 vniuersiS,
663 4765 697 4821 et
715 4764 749 4821 te
766 4758 800 4821 in
818 4759 1028 4842 corporalem
1045 4760 1292 4843 possessionem
1309 4761 1400 4826 dicte
1416 4761 1576 4827 Cantarie
