3950 5625
444 670 504 734 118
727 668 805 732 Tne
830 668 985 731 luuram(
1010 664 1256 729 Manuscrurrss

439 854 635 932 spectantes
664 847 765 930 pleno
793 846 864 911 iure
894 845 957 909 tibi
986 844 1191 908 conferimus
1220 841 1349 906 intuitu
1378 841 1555 917 caritatis,

440 960 475 1016 et
498 959 532 1016 te
555 973 615 1036 per
637 951 754 1015 birreti
777 950 885 1015 nostri
908 948 1132 1013 tradicionem
1155 946 1357 1011 inuestimus
1380 946 1557 1029 presenci-

441 1057 540 1121 aliter
562 1056 604 1120 de
627 1056 765 1130 eisdem,
790 1055 1010 1118 decernentes
1033 1059 1067 1116 te
1090 1052 1144 1115 vel
1167 1056 1424 1135 procuratorem
1449 1056 1557 1114 tuum

441 1167 503 1225 tuo
521 1160 657 1225 nomine
676 1161 710 1222 in
728 1158 939 1242 corporalem
957 1157 1203 1240 possessionem
1222 1155 1392 1219 dictorum
1410 1155 1557 1219 canoni-

441 1272 540 1330 catus
578 1270 612 1327 et
650 1263 821 1345 prebende
860 1263 930 1326 tore
968 1260 1150 1325 actualiter
1188 1258 1431 1333 inducendum,
1472 1280 1556 1323 cum

442 1369 601 1434 omnibus
626 1368 695 1431 suis
721 1367 851 1431 iuribus
877 1373 910 1430 et
937 1365 1155 1450 pertinenciis
1180 1363 1356 1428 uniuersis
1405 1363 1489 1426 Dat.
1518 1362 1556 1426 in

442 1473 593 1557 hospicio
624 1478 741 1536 nostro
772 1472 870 1535 iuxta
897 1471 1052 1545 Westm.,
1084 1469 1216 1533 decimo
1241 1468 1294 1531 die
1325 1467 1452 1532 mensis
1487 1467 1556 1530 De-

442 1577 596 1652 cembris
644 1576 744 1640 Anno
791 1575 929 1639 Domini
972 1574 1149 1638 Millesimo
1192 1586 1291 1637 ccc¹¹¹0
1329 1571 1554 1656 nonogesimo

442 1682 601 1756 secunda,
622 1688 656 1744 et
676 1687 790 1745 nostre
809 1679 1059 1744 Translacionis
1077 1679 1209 1763 quinto.

711 1884 798 1967 (186)
826 1884 901 1947 Pno
926 1884 1059 1948 Tuom
1083 1884 1282 1947 Foaesran.

530 2057 601 2120 The
621 2053 865 2136 Archbishop's
884 2052 1049 2116 mandate
1069 2056 1106 2114 to
1126 2050 1256 2125 induct,
1278 2049 1441 2134 repeated
1462 2050 1549 2113 from

444 2163 506 2226 No,
530 2161 602 2242 184.

442 2361 491 2428 53.
550 2351 637 2433 (187)
667 2351 722 2413 Do
744 2364 974 2412 canonicatu
1002 2363 1196 2410 paramum
1222 2363 1270 2408 oe
1296 2345 1518 2409 Mounerou.

294 2539 367 2596 1389,
531 2520 690 2609 Thomas
721 2517 939 2600 permissione
967 2515 1084 2579 diuina
1113 2514 1215 2577 Ebor.
1244 2512 1401 2596 Archiep.
1431 2512 1551 2597 Anglie

270 2601 392 2706 l,¹‚¹¹y,¹⁹'
444 2623 581 2708 primas
614 2628 648 2685 et
680 2627 789 2705 apost.
826 2620 914 2684 sedis
945 2620 1088 2704 legatus,
1121 2619 1253 2683 dilectis
1284 2617 1361 2680 filiis
1391 2615 1550 2700 Capitulo

266 2695 397 2808 riiiliitre
444 2728 522 2792 eccl.
547 2733 662 2790 nostre
685 2726 765 2789 Coll.
791 2725 857 2789 S'ci
880 2724 987 2788 Willr.
1014 2725 1103 2808 Ryp.
1128 2745 1166 2788 sa
1187 2745 1257 2809 gra.
1282 2728 1317 2785 et
1340 2722 1416 2785 ben.
1465 2720 1549 2784 Cum

266 2829 336 2920 “9¹¹¹
352 2826 399 2924 {¹¹⁰
444 2853 505 2897 nos
534 2832 741 2896 auctoritate
769 2831 944 2894 literarum
973 2829 1240 2913 apostolicarum
1268 2833 1302 2891 et
1331 2845 1549 2911 processuum

290 2908 373 2942 snm.
444 2936 523 3001 inde
549 2937 719 3000 laetarum
747 2934 817 3017 (sic)
846 2934 958 2998 dilect.
985 2933 1030 2997 fil.
1059 2933 1242 3017 Hugonem
1267 2933 1309 2997 de
1334 2930 1551 3015 Cotyngham

445 3040 671 3126 presbiterum
704 3039 749 3103 ad
782 3038 992 3121 corporalem
1025 3038 1272 3121 possessionem
1305 3036 1477 3120 prebende
1511 3035 1552 3099 de

446 3145 634 3209 lllunketon
658 3144 691 3207 in
714 3143 807 3207 dicta
829 3143 907 3206 eccl.
931 3148 1050 3206 nostra
1071 3142 1186 3226 colleg.
1212 3142 1301 3225 Ryp.
1325 3161 1386 3225 per
1406 3147 1551 3205 mortem

447 3249 564 3332 Mag’ri
602 3248 666 3312 Ad.
706 3248 747 3311 de
785 3247 962 3311 Thornton
1000 3246 1112 3310 vltimi
1149 3246 1364 3329 prebendarii
1401 3244 1552 3310 eiusdem

446 3352 602 3417 vacantis
642 3351 669 3414 si
710 3358 744 3415 et
784 3357 956 3435 quatenus
996 3350 1031 3414 vi
1071 3357 1106 3414 et
1146 3351 1261 3435 vigore
1301 3349 1478 3414 literarum
1518 3354 1551 3411 et

447 3476 665 3540 processuum
700 3455 851 3538 ipsorum
885 3456 1099 3530 tenebamur,
1134 3463 1168 3519 et
1202 3476 1271 3519 non
1306 3455 1414 3531 aliter,
1450 3455 1553 3520 saluis

447 3559 545 3625 nobis
568 3566 602 3622 et
624 3558 874 3624 successoribus
895 3560 1022 3624 nostris
1044 3580 1083 3623 ac
1105 3559 1242 3623 ecclesie
1264 3565 1379 3623 nostre
1401 3559 1553 3643 predicte

447 3663 708 3747 excepcionibus
744 3669 778 3727 et
815 3663 1068 3728 defensionibus
1104 3671 1177 3727 tam
1212 3664 1412 3728 nullitatum
1448 3683 1552 3748 quam

448 3768 592 3833 aliarum
616 3767 838 3831 materiarum
862 3788 1157 3851 quorumcumque
1182 3773 1255 3831 tam
1279 3767 1553 3831 contradictum

449 3873 631 3957 Hugonem
662 3892 768 3955 quam
800 3871 916 3934 literas
948 3878 982 3935 et
1015 3892 1191 3955 processus
1224 3877 1432 3936 memoratos
1463 3892 1553 3935 com-

449 3976 647 4061 petentibus
692 3976 746 4039 vel
792 3977 1029 4059 competituris
1074 3977 1108 4040 in
1154 3997 1334 4060 personam
1381 3975 1467 4040 Ric'i
1512 3975 1554 4039 de

448 4080 626 4165 Appulton
661 4080 772 4144 clerici
808 4082 1038 4163 procuratoris
1073 4081 1125 4145 sui
1160 4081 1384 4145 sufficientem
1420 4082 1454 4145 in
1490 4082 1554 4145 hac

448 4191 546 4269 parte
564 4190 774 4269 potestatem
791 4185 951 4248 habentis
968 4185 1178 4251 admisimus.
1227 4186 1332 4250 Vobis
1349 4186 1554 4250 mandamus

446 4289 611 4375 quatinus
649 4288 737 4353 cirea
772 4288 946 4372 prelatum
985 4290 1167 4374 Hugonem
1207 4291 1260 4354 vel
1299 4296 1554 4374 procuratorem

446 4414 547 4459 suum
571 4392 642 4457 eius
666 4392 803 4457 nomine
826 4392 960 4456 faciatis
995 4400 1029 4458 et
1064 4396 1280 4479 exequamini
1314 4396 1349 4459 in
1384 4417 1423 4460 ea
1457 4401 1554 4479 parte

447 4497 589 4561 vlterius
620 4495 714 4580 quod
746 4503 798 4560 est
830 4502 994 4560 vestrum.
1042 4498 1171 4562 Valete.
1221 4500 1301 4564 Dat.
1335 4500 1369 4564 in
1402 4499 1554 4564 manerio

447 4609 565 4668 nostro
581 4602 623 4666 de
640 4601 781 4665 Westm.
801 4600 876 4664 xixo
892 4600 946 4664 die
963 4601 1088 4664 mensis
1104 4602 1186 4685 Julij
1206 4603 1307 4668 Anno
1324 4604 1394 4668 d’ni
1412 4603 1565 4667 Mill’mo-

446 4717 546 4774 cccm⁰
564 4704 709 4780 lxxxix0,
730 4710 765 4768 et
784 4710 899 4769 nostre
918 4703 1168 4770 Translacionis
1187 4708 1346 4772 secundo,
