3950 5625
263 3417 373 3467 1502-3,

262 3474 328 3522 Feb.
348 3473 373 3518 6.

261 3748 323 3791 §lits
336 3740 406 3788 from

261 3808 405 3869 rchbishop

261 3879 375 3936 Savage.

261 4070 318 4117 The
331 4067 377 4116 old

261 4137 342 4185 nurch
357 4134 397 4194 (oi

261 4210 284 4254 t.
302 4203 392 4263 Mary)

270 4272 418 4318 Stammer·

284 4341 355 4399 gate.

434 720 497 786 272
719 704 799 768 Tne
823 704 980 768 Inerrur
1005 703 1251 769 Manuscmpr.

433 882 619 958 tundande‚
646 904 724 947 curn
750 883 912 947 Cantaria
937 882 995 946 illa
1020 882 1177 959 lundata,
1204 889 1328 959 erecta,
1354 890 1488 958 creata,
1516 889 1551 947 et

432 987 587 1052 stabilita
610 988 722 1063 luerit,
743 994 777 1051 et
800 1008 1009 1052 successores
1031 989 1093 1071 (94)
1115 989 1168 1052 sui
1187 988 1361 1072 Capellani
1382 988 1551 1053 Cantarie

433 1091 521 1155 illius
550 1092 724 1176 Capellani
753 1092 912 1156 Cantarie
941 1092 1111 1175 Johannis
1140 1092 1284 1157 Sendale
1313 1094 1347 1157 in
1377 1094 1472 1159 Eccl.
1506 1094 1550 1158 de

434 1195 558 1280 Ripon’
597 1197 850 1281 imperpetuum
887 1202 1140 1280 nuncupentur,
1150 1203 1163 1214 “’
1178 1202 1212 1261 et
1249 1217 1309 1280 per
1345 1197 1550 1262 huiusmodi

432 1321 556 1364 nomen
584 1301 618 1365 in
645 1307 679 1364 et
707 1322 768 1385 pro
794 1301 954 1366 omnibus
980 1301 1171 1365 cantariam
1198 1301 1292 1365 illam
1319 1302 1550 1386 tangentibus

432 1405 597 1489 placitare
623 1412 657 1470 et
685 1406 891 1489 implicitari,
919 1405 1123 1488 respondere
1148 1411 1184 1470 et
1210 1405 1407 1489 responderi
1434 1407 1548 1490 possit

432 1514 466 1572 et
489 1510 620 1593 possint
643 1510 677 1573 in
699 1510 973 1594 quibuscumque
995 1509 1099 1592 curijs
1120 1516 1154 1572 et
1177 1509 1302 1593 placeis
1323 1510 1358 1573 in
1380 1509 1548 1575 omnibus

432 1619 466 1676 et
494 1613 634 1697 singulis
662 1613 858 1677 accionibus
885 1612 1043 1689 realibus,
1073 1614 1318 1698 personalibus
1347 1621 1382 1678 et
1410 1614 1546 1689 mixtis,

432 1737 546 1780 coram
573 1717 847 1801 quibuscumque
875 1716 1057 1799 Judicibus
1083 1717 1318 1800 spiritualibus
1345 1723 1379 1782 et
1408 1724 1547 1802 tempo-

433 1821 570 1895 ralibus,
597 1828 669 1885 tam
695 1842 809 1886 coram
834 1820 933 1885 nobis
958 1827 992 1886 et
1018 1822 1199 1887 heredibus
1223 1823 1349 1887 nostris
1373 1843 1482 1907 quam
1510 1823 1548 1887 in

431 1926 705 2010 quibuscumque
725 1926 801 2009 alijs
820 1925 931 2009 Curijs
949 1926 1076 1990 nostris
1094 1933 1129 1990 et
1148 1927 1313 1991 heredum
1331 1933 1546 2003 nostrorum,

433 2052 472 2094 ac
487 2030 563 2114 alijs
578 2031 689 2115 Curijs
704 2031 939 2115 spiritualibus
954 2037 988 2094 et
1005 2030 1251 2115 temporalibus
1265 2032 1548 2116 quibuscumque

432 2136 697 2220 imperpetuum,
718 2141 852 2199 statuto
872 2135 914 2198 de
935 2135 1033 2198 terris
1053 2141 1088 2198 et
1108 2135 1313 2200 tenementis
1332 2135 1377 2200 ad
1396 2156 1548 2200 manum

432 2247 605 2304 mortuam
625 2261 693 2304 non
713 2240 882 2324 ponendo,
903 2245 965 2303 aut
984 2239 1100 2324 aliquo
1119 2240 1185 2304 alio
1204 2246 1340 2305 statuto
1358 2240 1454 2304 iacto
1473 2261 1547 2306 non

432 2346 603 2409 obstante.
653 2345 692 2409 In
723 2366 750 2410 c.
783 2365 807 2409 r.
840 2350 864 2408 t.
896 2345 958 2408 has
987 2344 1103 2408 literas
1132 2351 1268 2409 nostras
1296 2344 1368 2409 fieri
1398 2344 1548 2409 lecimus

432 2456 600 2533 patentes.
648 2449 748 2513 Teste
772 2449 902 2533 meipso
925 2449 1019 2532 apud
1042 2449 1397 2524 Westmonasterium‚
1422 2450 1547 2513 vicesi-

432 2576 489 2618 mo
507 2555 630 2639 quinto
649 2554 703 2618 die
721 2554 892 2628 Octobris
913 2574 1004 2618 anno
1023 2554 1116 2638 regni
1134 2554 1242 2618 nostri
1261 2559 1370 2618 sexto,

797 2671 861 2734 Per
879 2671 981 2734 breue
1001 2670 1043 2733 de
1061 2671 1198 2754 priuato
1216 2670 1325 2756 sigillo
1343 2677 1378 2734 et
1397 2670 1440 2734 de
1460 2671 1548 2736 data

695 2774 860 2858 predicta,
888 2775 1097 2840 auctoritate
1123 2773 1355 2840 Parliamenti.
1405 2775 1547 2856 Pagett.

431 2968 470 3033 94
491 2973 522 3017 v,
569 2943 657 3026 (357)
683 2942 917 3007 Conuocacro
941 2958 1143 3006 nunninus
1169 2942 1248 3025 (ete,
1273 2962 1311 3006 as
1333 2942 1372 3005 in
1400 2941 1550 3027 Chapter

476 3051 565 3124 Acts,
601 3063 675 3128 253,
712 3047 835 3130 adding
868 3053 898 3111 lo
932 3046 1098 3129 heading),
1132 3064 1207 3111 cun
1242 3063 1546 3112 commonemur

477 3170 619 3219 DIERUM
648 3169 692 3215 ET
719 3168 895 3215 HORARUM
922 3168 1168 3229 SEQllENCIUM,
1197 3167 1242 3215 AC
1268 3167 1379 3214 ECIAM
1408 3168 1546 3217 PRORO-
1581 3207 1586 3215 .

476 3274 633 3322 GACIONE
659 3272 872 3320 EARUNDEM.
982 3288 983 3291 ¹

522 3400 666 3483 Propter
692 3399 856 3462 honorem
890 3398 970 3476 (ete,
999 3396 1112 3480 nearly
1144 3417 1182 3461 os
1212 3396 1251 3460 in
1282 3396 1425 3481 Chapter
1451 3398 1547 3474 Acts,

434 3520 596 3588 253-257,
620 3503 688 3567 line
713 3502 763 3577 16,
789 3503 901 3577 toliere,
927 3502 1009 3583 oster
1033 3502 1053 3526 “
1070 3501 1322 3576 transmissas,''
1343 3502 1395 3566 the
1412 3502 1549 3586 Ingilby

434 3608 525 3684 MS„
542 3609 585 3690 (o.
606 3626 655 3694 95,
676 3626 748 3689 goes
766 3626 808 3669 ou
827 3625 865 3669 as
882 3604 1007 3687 follows
1021 3626 1076 3669 :—

521 3738 675 3823 Quarum
699 3743 798 3801 tenor
820 3736 976 3820 sequitur
999 3736 1033 3800 ln
1057 3737 1119 3800 hec
1142 3736 1271 3812 verba;
1310 3736 1416 3821 Right
1442 3740 1547 3803 trusti

434 3844 503 3909 and
527 3843 617 3927 right
641 3841 703 3905 wel
731 3840 875 3905 beloued
898 3840 932 3903 in
961 3839 1047 3915 nod,
1073 3840 1087 3903 Ι
1113 3840 1245 3923 hertely
1267 3847 1342 3925 gret
1365 3861 1435 3925 you
1459 3843 1547 3919 well,

434 3949 503 4014 and
517 3949 564 4011 let
577 3967 646 4031 you
660 3946 755 4009 witte
770 3945 784 4008 Ι
800 3964 876 4009 ame
888 3944 1035 4008 credible
1049 3944 1224 4009 eniormed
1239 3945 1316 4009 ther
1327 3945 1355 4009 is
1367 3945 1548 4030 withynne

434 4075 493 4137 my
514 4059 619 4117 toune
640 4049 676 4114 of
696 4050 810 4133 Ripon
832 4070 876 4113 an
897 4049 973 4113 olde
994 4048 1128 4114 Church
1149 4049 1184 4113 in
1205 4049 1437 4134 Stamersgate
1458 4051 1546 4115 wich

434 4159 470 4222 oi
488 4156 659 4222 Auncient
679 4161 774 4237 tyme
794 4174 863 4218 was
883 4175 926 4217 an
946 4154 1033 4218 hous
1052 4154 1087 4217 of
1107 4153 1272 4238 Religion,
1293 4153 1362 4218 and
1381 4175 1459 4218 now
1478 4175 1546 4219 noo

434 4284 553 4328 maner
572 4260 720 4325 livelood
742 4266 778 4323 to
799 4260 851 4323 hit
872 4259 1087 4344 belongynge
1108 4260 1248 4341 wherby
1268 4258 1396 4342 divyne
1416 4260 1545 4323 seruice

434 4368 578 4433 shuldbe
606 4365 792 4448 susteyned
820 4364 889 4428 and
916 4362 1151 4448 maynteyned
1179 4369 1216 4426 to
1243 4361 1357 4426 Godes
1383 4362 1543 4446 pleasur;

433 4473 591 4538 Whertor
612 4470 681 4535 and
703 4470 738 4533 in
760 4469 902 4551 somych
926 4488 963 4531 as
985 4488 1028 4550 ye
1050 4468 1092 4531 be
1114 4468 1149 4531 in
1171 4487 1216 4531 no
1237 4486 1348 4549 wyese
1370 4467 1544 4550 proufited

434 4581 569 4662 therby,
590 4578 653 4641 but
675 4575 790 4639 rather
809 4573 957 4657 charged
976 4572 1060 4636 with
1081 4571 1316 4656 reparac'ones
1335 4571 1371 4634 oi
1391 4572 1450 4635 the
1470 4572 1544 4637 said

434 4683 556 4748 Chirch
578 4682 605 4745 ii
626 4701 668 4765 ye
690 4678 766 4743 woll
788 4680 830 4743 be
852 4678 888 4743 ot
909 4699 966 4742 soe
987 4677 1078 4762 gude
1099 4677 1203 4740 willes
1224 4674 1293 4740 and
1314 4676 1451 4759 mynde'
1466 4677 1544 4740 that

435 4790 449 4853 Ι
467 4810 547 4872 may
563 4788 651 4850 haue
667 4785 719 4848 hit
735 4784 771 4847 oi
785 4804 873 4867 your
887 4782 992 4868 geilte
1007 4783 1091 4846 with
1107 4802 1128 4845 a
1144 4780 1215 4845 litle
1230 4779 1375 4864 garthen
1390 4780 1543 4865 grounde
