3950 5625
454 709 515 775 182
738 713 816 776 Tus
841 713 997 776 luminu
1021 712 1267 775 Mnuoscmpr.

451 890 661 972 prebendam
688 890 741 973 de)
771 891 886 975 Thorp
912 891 946 954 in
974 891 1052 956 eccl.
1081 891 1236 974 predicta
1262 895 1426 954 vacantes
1454 895 1490 952 et
1518 889 1563 953 ad

451 994 671 1059 collacionem
700 1003 854 1060 nostram
882 995 983 1079 pleno
1013 995 1097 1077 Jure
1124 1001 1321 1078 spectantes
1350 993 1563 1058 contulimus

452 1118 530 1161 cum
564 1120 681 1164 eorum
717 1100 859 1181 (iuribus
892 1105 926 1163 et
959 1099 1194 1183 pertilnencijs
1227 1098 1396 1163 vniuersis
1429 1097 1564 1162 intuitu

452 1203 617 1278 caritatis,
634 1204 814 1287 ipsumque
828 1204 1032 1268 canonicum
1046 1210 1081 1267 et
1095 1203 1360 1287 prebendarium
1374 1202 1565 1266 eorundem

452 1307 633 1371 canonitus
688 1307 759 1391 (sic)
815 1314 850 1371 et
899 1307 1071 1391 prebende
1123 1307 1336 1372 instituimus

452 1409 691 1475 inuestiuimus
712 1412 746 1475 in
768 1418 803 1475 et
824 1412 866 1476 de
887 1411 1027 1487 eisdem,
1049 1412 1149 1476 vobis
1169 1412 1375 1475 mandamus
1396 1410 1565 1494 quatinus

451 1514 625 1597 prefatum
669 1515 837 1599 Mag'rum
881 1515 1018 1597 Joh’em
1061 1516 1115 1579 vel
1158 1521 1415 1599 procuratorem
1459 1534 1566 1578 suum

452 1656 626 1664 ———-
642 1619 676 1683 in
701 1620 825 1683 realem
849 1626 883 1683 et
899 1620 1110 1704 corporalem
1126 1620 1373 1703 possessionem
1390 1619 1565 1683 dictorum

453 1722 682 1787 Canonicatus
716 1730 751 1787 et
785 1724 967 1808 prebende,
1003 1724 1208 1808 Juriumque
1242 1730 1277 1787 et
1311 1722 1566 1806 pertinencium

453 1847 592 1891 suorum
627 1828 864 1892 vniuersorum
899 1827 1070 1892 inducatis
1104 1849 1164 1892 seu
1202 1827 1317 1892 induci
1356 1826 1494 1891 faciatis
1529 1834 1565 1891 et

454 1930 647 1995 defendatis
660 1931 851 2007 inductum,
866 1932 1006 1996 stallum
1019 1932 1054 1996 in
1067 1932 1171 1996 choro
1184 1938 1219 1995 et
1232 1932 1346 1995 locum
1359 1931 1394 1995 in
1407 1930 1565 2015 capitulo

456 2034 556 2099 dictis
579 2036 796 2100 canonicatui
821 2042 855 2099 et
881 2035 1053 2120 prebende
1083 2035 1139 2116 (ab
1167 2036 1326 2119 anltiquo
1353 2034 1566 2118 pertinentia

283 2149 404 2198 ehelsea.
455 2139 565 2203 eidem
581 2140 771 2224 assignatis.
819 2141 912 2203 Data
927 2141 1021 2223 apud
1036 2140 1244 2213 Chelchieth‚
1261 2138 1421 2222 xiiij0die
1436 2140 1565 2203 mensis

456 2243 671 2319 Nouembris,
698 2242 799 2307 Anno
826 2245 906 2308 D'ni
933 2244 1111 2307 Millesimo
1139 2245 1243 2326 (cclcc
1268 2243 1356 2326 xlij0,
1384 2250 1419 2307 et
1446 2251 1565 2308 nostre

456 2349 692 2413 translacionis
712 2370 803 2413 anno
823 2348 955 2412 decimo
975 2356 1110 2413 octauo,

700 2516 787 2598 (272)
817 2515 1068 2596 (Presentation
1093 2515 1128 2578 of
1151 2514 1338 2597 Mandate).

276 2662 281 2674 '
304 2679 379 2728 Ῐ442,
544 2667 643 2733 Istud
655 2668 860 2732 mandatum
872 2668 938 2732 fuit
951 2673 1188 2752 presentatum
1201 2667 1359 2750 Capitulo
1371 2668 1450 2732 eccl.
1465 2669 1561 2751 pred.

271 2731 346 2797 Sept.
362 2747 403 2794 ²9'
456 2772 580 2858 Ripon’
621 2772 812 2857 penultimo
851 2771 905 2836 die
944 2772 1070 2837 mensis
1110 2771 1319 2856 Septembris
1354 2792 1445 2836 anno
1480 2772 1562 2837 D'ni

454 2877 632 2941 Millesimo
667 2887 781 2941 cccc¹¹¹⁰
819 2876 904 2959 xlijo.
953 2878 999 2940 Et
1034 2877 1154 2940 eodem
1191 2876 1245 2940 die
1283 2876 1348 2940 fuit
1386 2876 1562 2960 predictus

452 2982 629 3064 Johannes
651 2981 798 3046 Delaber
819 2981 987 3045 admissus
1009 3002 1069 3064 per
1084 2987 1350 3064 procuratorem,
1368 3000 1471 3064 super
1491 3003 1562 3065 qua

452 3086 657 3150 admissione
672 3086 794 3149 habuit
809 3086 924 3149 literas
939 3084 1088 3168 Capituli
1103 3085 1138 3149 in
1153 3086 1263 3148 forma
1276 3091 1380 3169 prout
1393 3085 1559 3169 sequitur.

455 3278 542 3361 (273)
568 3278 746 3342 Annissm
769 3277 902 3341 MAo'iu
926 3277 1046 3359 Jon’is
1067 3277 1242 3340 Drinum<
1263 3292 1313 3339 Ab
1335 3293 1560 3340 pnssssnnmu

497 3400 545 3446 nu
570 3383 705 3447 Trione.

302 3556 376 3602 1442.
539 3536 596 3601 Ca.
613 3537 697 3612 eccl.
720 3536 801 3600 Coll.
824 3538 857 3600 b.
879 3535 931 3600 W.
955 3535 1093 3618 Ripon',
1115 3536 1198 3599 Ven.
1221 3535 1295 3599 viro
1316 3534 1445 3619 Mag'ro
1465 3536 1557 3618 Joh'i

273 3607 345 3658 Nov.
357 3623 399 3670 29·
453 3641 599 3705 Delaber
613 3641 647 3704 in
660 3641 749 3705 decr.
764 3641 851 3715 bac,
866 3662 913 3704 sa.
928 3640 962 3703 in
977 3639 1115 3704 sinceris
1128 3639 1343 3723 amplexibus
1358 3639 1556 3704 Saluatoris

451 3743 506 3809 Ad
527 3745 775 3809 Canonicatum
797 3745 875 3809 eccl.
899 3745 970 3830 n’re
993 3744 1117 3828 Ripon'
1141 3751 1175 3808 et
1197 3743 1242 3808 ad
1262 3745 1356 3827 preb.
1379 3743 1421 3807 de
1443 3744 1558 3828 Thorp

450 3849 485 3913 in
508 3850 638 3925 eadem,
662 3855 826 3913 vacantes
848 3855 883 3913 et
905 3849 969 3912 tibi
992 3869 1052 3932 per
1074 3848 1410 3914 Reuerendissimum
1432 3848 1467 3912 in
1489 3869 1558 3933 xpo

263 3962 435 4027 bpuempe.
451 3960 585 4038 patrem
620 3960 653 4017 et
688 3954 784 4017 d’nm
818 3954 931 4017 n’rum
966 3952 1062 4016 d'nm
1096 3953 1302 4034 Johannem,
1337 3952 1557 4016 miseracione

451 4058 569 4123 diuina
596 4058 688 4123 tituli
718 4059 791 4123 S’ce
821 4057 965 4121 Balbine
993 4063 1207 4120 sacrosancte
1237 4057 1392 4120 Romane
1420 4057 1557 4121 ecclesie

449 4163 676 4247 presbiterum
689 4162 913 4237 Cardinalem,
926 4161 1083 4244 Archiep.
1099 4162 1213 4236 Ebot„
1228 4161 1348 4245 Anglie
1360 4161 1555 4243 primatem,

364 4328 366 4332 ,
449 4274 484 4331 et
518 4267 703 4352 apostolice
737 4266 825 4330 sedis
859 4266 1012 4350 legatum
1046 4265 1199 4340 collatos,
1236 4271 1270 4328 te
1305 4265 1339 4328 in
1373 4286 1555 4348 personam

449 4372 624 4439 Humlridi
655 4371 796 4446 Brokas,
828 4369 1058 4454 procuratoris
1089 4369 1139 4433 tui
1170 4369 1395 4433 sufficientem
1425 4369 1458 4433 in
1491 4370 1555 4433 hac

447 4483 546 4561 parte
572 4480 782 4560 potestatem
809 4473 968 4538 habentis
996 4473 1224 4548 admittimus,
1253 4472 1386 4557 tibique
1413 4473 1553 4537 stallum

447 4581 482 4645 in
513 4581 615 4644 choro
647 4586 681 4643 et
712 4579 824 4642 locum
855 4578 890 4641 in
930 4577 1089 4661 Capitulo
1125 4577 1225 4641 dictis
1262 4576 1485 4641 Canonicatui
1517 4582 1552 4641 et

447 4684 618 4768 prebende
652 4683 844 4767 antiquitus
878 4681 1087 4766 pertinentia
1121 4681 1343 4765 assignamus,
1379 4686 1413 4745 et
1448 4687 1483 4744 te
1517 4681 1549 4745 in

447 4789 657 4874 corporalem
672 4788 919 4872 possessionem
935 4786 1026 4850 dicte
1042 4784 1213 4868 prebende
1229 4805 1308 4848 cum
1323 4784 1393 4848 suis
1410 4785 1552 4869 Juribus
