3950 5625
449 685 489 746 24
722 666 804 727 Tne
831 666 986 728 lscnnv
1013 665 1274 728 tlsnuscnnr.

450 838 555 902 nostri
597 839 815 920 presentibus
846 853 898 902 est
928 859 1135 921 appensum.
1202 839 1281 901 Dat.
1316 839 1409 921 apud
1445 837 1549 901 Ebor.

450 937 533 1001 Idus
573 937 761 1001 Novembr.
795 959 890 1001 anno
928 938 1046 1021 gracie
1086 938 1276 1002 Millesimo
1314 937 1555 1002 ducentesimo

448 1037 670 1119 sexagesimo
687 1037 802 1101 tercio.

450 1262 488 1311 10
502 1266 531 1310 v.
625 1249 694 1330 (20)
744 1249 800 1310 Ds
825 1267 970 1311 orricio
997 1267 1142 1312 unimur
1169 1250 1358 1314 Cnru'rutr.

261 1416 433 1478 uusado·
539 1410 805 1474 l‘lemorandum
846 1412 938 1494 quod
980 1409 1032 1494 iij⁰
1063 1413 1119 1476 die
1155 1413 1284 1477 mensis
1324 1412 1553 1496 Septembris,

448 1531 542 1573 anno
559 1511 700 1573 Domini
722 1510 912 1574 Millesimo
928 1526 1027 1575 ccc¹¹¹⁰
1039 1513 1323 1597 quadragesimo,
1343 1512 1557 1594 Radulphus

448 1611 491 1674 de
517 1612 637 1694 Sallay
661 1612 756 1675 venit
781 1612 813 1673 in
840 1611 1003 1694 Capitulo
1025 1612 1167 1694 Ripon',
1187 1627 1220 1676 et
1243 1614 1416 1676 clamabat
1440 1626 1558 1675 tenere

447 1710 490 1775 de
506 1711 598 1775 dicto
615 1711 777 1792 Capitulo
794 1724 827 1775 et
843 1712 885 1775 de
901 1713 1104 1776 communia
1120 1713 1276 1777 eiusdem
1302 1735 1410 1775 vnum
1430 1713 1555 1777 toftum

447 1822 480 1873 et
497 1807 519 1892 ij
538 1811 683 1874 bouatas
699 1822 786 1874 terre
802 1824 834 1874 et
853 1812 938 1893 prati
953 1832 1031 1874 cum
1047 1813 1268 1895 pertinenciis
1283 1813 1316 1874 in
1336 1813 1551 1897 llondegate

450 1909 545 1971 iuxta
565 1909 693 1992 Ripon'
714 1930 773 1991 per
789 1911 973 1974 seruicium
993 1912 1086 1993 quod
1107 1910 1252 1975 deferret
1276 1912 1411 1995 virgam
1438 1933 1555 1975 coram

450 2009 637 2073 Canonicis
654 2023 687 2073 et
708 2010 929 2091 processione
948 2011 1072 2074 diebus
1096 2011 1282 2075 dominicis
1305 2024 1339 2075 et
1364 2011 1558 2075 maioribus

450 2107 608 2181 festinis;
636 2109 831 2173 Reddendo
855 2132 914 2192 per
929 2132 1061 2173 annum
1080 2110 1278 2174 communie
1296 2111 1555 2175 Canonicorum

449 2209 492 2271 ad
513 2210 680 2273 terminos
703 2209 843 2272 Martini
869 2222 902 2273 et
920 2211 1143 2274 pentecostes
1167 2209 1286 2294 xviijd.
1311 2231 1373 2292 pro
1394 2211 1558 2293 predictis

450 2329 519 2372 vno
548 2308 632 2372 tofto
662 2324 694 2373 et
721 2310 858 2373 duabus
887 2310 1024 2374 bouatis
1052 2323 1139 2374 terre
1166 2323 1199 2373 et
1227 2309 1325 2392 prati.
1385 2309 1429 2372 Et
1456 2309 1559 2375 faciet

449 2410 656 2472 summoniri
690 2409 793 2473 Curie
825 2410 867 2474 de
899 2410 1064 2474 omnibus
1101 2411 1207 2473 libere
1238 2410 1436 2474 tenentibus
1466 2410 1559 2474 dicte

450 2510 593 2572 ecclesie
629 2509 757 2591 Ripon'
787 2523 819 2573 et
851 2510 1071 2593 singularum
1101 2510 1364 2592 prebendarum.
1427 2509 1469 2572 Et
1498 2531 1560 2592 per

451 2620 602 2672 extracta
637 2608 819 2672 Curiarum
853 2609 1083 2691 predictarum
1117 2625 1186 2672 tam
1220 2611 1419 2673 communie
1450 2631 1557 2692 quam

451 2711 671 2794 singularum
701 2713 952 2793 prebendarum
980 2714 1095 2776 leuare
1119 2710 1220 2773 debet
1247 2710 1365 2773 omnia
1392 2710 1560 2773 amercia-

453 2824 579 2887 menta,
611 2825 644 2875 et
675 2811 835 2876 liberabit
869 2834 909 2876 ea
947 2811 1100 2895 singulis
1139 2809 1327 2875 Canonicis
1365 2809 1440 2874 siue
1480 2831 1560 2892 pro-

452 2910 670 2975 curatoribus
697 2913 898 2976 eorundem.
961 2912 1005 2974 Et
1031 2910 1300 2974 attaclriamenta
1327 2911 1369 2973 de
1393 2910 1559 2975 omnibus

453 3011 604 3093 querelis
626 3011 713 3074 infra
738 3011 877 3077 feodum
903 3011 1160 3076 Canonicorum
1188 3010 1418 3092 predictorum
1444 3008 1555 3075 faciet.

456 3111 500 3173 Et
517 3110 565 3173 ire
581 3111 682 3175 debet
705 3110 857 3195 singulis
879 3111 1085 3192 septimanis
1108 3131 1167 3192 per
1186 3111 1274 3173 duos
1296 3110 1380 3185 dies,
1401 3110 1564 3174 videlicet

454 3209 510 3274 die
555 3210 717 3273 Mercurii
758 3225 790 3274 et
828 3210 884 3274 die
921 3210 1079 3286 VeneriS,
1114 3231 1192 3273 cum
1233 3209 1486 3286 Tastatoribus,
1529 3223 1564 3273 et

455 3310 667 3392 presentabit
697 3310 817 3373 defalc.
855 3310 955 3392 panis
986 3323 1020 3373 et
1050 3310 1226 3374 cereuisie.
1292 3309 1334 3372 Et
1371 3308 1560 3373 Tolnetum

455 3410 570 3473 leuare
586 3410 688 3474 debet
706 3411 749 3474 de
776 3410 941 3474 omnibus
966 3409 1210 3492 empcionibus
1235 3422 1268 3473 ct
1294 3409 1563 3473 vendicionibus

455 3507 544 3572 infra
574 3508 712 3573 feodum
747 3510 1004 3574 Canonicorum
1045 3509 1287 3592 predictorum.
1360 3509 1404 3572 Et
1442 3510 1564 3573 omnia

455 3611 713 3673 concelementa
732 3610 952 3693 presentabit.

455 3819 525 3898 (21)
558 3816 674 3880 Corin
707 3834 899 3880 curusunn
933 3817 1060 3881 Cnnrs
1093 3834 1141 3879 on
1172 3834 1307 3879 ramus
1340 3834 1377 3878 ru
1412 3816 1558 3894 Neues,

499 3934 574 3995 Qus
606 3934 752 3995 ouronn
785 3934 905 3980 onnrn
939 3935 1117 3979 nsnrnnm·
1150 3935 1187 3981 m
1221 3934 1387 3979 tinniens
1417 3929 1558 3980 nauso.

499 4018 660 4079 §monus
687 4016 828 4079 Frsnan
856 4036 903 4079 ua
930 4017 1073 4080 Neues.

543 4178 742 4261 Capitulum
784 4180 903 4244 Sancti
938 4179 1092 4242 Wilfridi
1129 4181 1171 4243 de
1208 4179 1361 4264 Rypon’,
1396 4179 1562 4245 omnibus

457 4279 546 4343 banc
569 4291 696 4343 cartam
724 4280 850 4344 visuris
875 4282 928 4343 vel
952 4279 1135 4354 audituris,
1159 4281 1317 4343 salutem.
1345 4279 1471 4343 Sciatis
1496 4301 1562 4345 nos

454 4378 591 4443 dedisse
629 4393 662 4442 et
700 4380 914 4444 concessisse
953 4394 986 4443 et
1026 4380 1174 4462 presenti
1207 4393 1299 4443 carta
1332 4393 1449 4444 nostra
1479 4401 1563 4443 con-

454 4478 611 4543 firmasse
645 4478 748 4543 Petro
780 4478 853 4543 filio
888 4479 1041 4557 Ricardi‚
1077 4501 1183 4541 vnum
1217 4480 1338 4542 toltum
1370 4480 1402 4541 in
1435 4479 1561 4564 Neuby

453 4593 487 4644 et
508 4592 575 4644 tres
595 4600 693 4643 acras
712 4592 799 4643 terre
824 4580 858 4642 in
884 4601 1008 4662 campo
1032 4579 1186 4643 eiusdem
1212 4580 1303 4654 ville,
1324 4593 1357 4643 et
1381 4593 1559 4662 pasturam

454 4680 688 4766 quadraginta
712 4679 831 4743 ouium
857 4693 890 4744 et
913 4692 991 4743 octo
1013 4679 1217 4741 animalium
1241 4693 1274 4742 et
1295 4680 1398 4744 unius
1415 4680 1506 4763 equi,
1527 4696 1561 4744 et
