3950 5625
512 730 554 797 72
581 752 584 758 -
799 713 878 779 Tur
903 714 1059 778 Inonnr
1084 700 1331 778 liunuscnn’r.

900 893 988 976 (104)
1016 893 1073 957 Dr
1097 908 1234 956 nonen.

337 1019 403 1068 Dec.
419 1031 460 1081 25,
600 1010 673 1073 Hec
708 1015 805 1074 carta
840 1007 1060 1092 cirograffata
1095 1013 1246 1072 testatur
1281 1008 1374 1091 quod
1410 1007 1544 1073 Galfrid
1580 1008 1624 1072 de

361 1099 435 1146 ¹²4²·
513 1113 651 1188 larder‚
685 1113 877 1179 Canonicus
909 1112 1036 1195 Ripon,
1066 1112 1108 1175 de
1140 1132 1307 1176 consensu
1338 1111 1448 1195 Capit.
1483 1112 1623 1196 Ripon’,

315 1215 357 1301 P?
367 1216 498 1266 eantaria
512 1238 606 1282 conc.
619 1223 653 1280 et
668 1217 744 1283 ded.
758 1223 792 1281 et
803 1217 836 1282 h.
852 1238 885 1300 p.
901 1237 929 1280 c.
942 1216 1032 1280 conf.
1045 1216 1080 1280 in
1094 1216 1185 1280 feodi
1199 1215 1345 1291 firmam,
1361 1216 1473 1281 Will'o
1487 1216 1623 1302 Gaugy,

297 1281 351 1332 3⁰¹
365 1283 483 1333 Andree.
513 1321 758 1406 consanguinio
792 1342 865 1396 suo,
901 1340 1019 1385 omnes
1054 1326 1162 1385 terras
1196 1342 1275 1385 cum
1310 1320 1502 1386 redditibus
1536 1342 1625 1405 quas

353 1423 419 1499 ,De
513 1425 636 1491 habuit
660 1426 694 1490 in
717 1426 915 1508 Winkeslay
938 1424 1028 1488 infra
1051 1424 1169 1489 villam
1192 1431 1226 1488 et
1258 1431 1357 1489 extra
1379 1431 1493 1509 preter
1515 1431 1625 1491 terras

315 1489 484 1637 Wrfflay.
514 1535 549 1594 et
574 1530 728 1595 redditus
753 1530 963 1614 pertinentes
988 1530 1033 1596 ad
1058 1531 1151 1615 preb.
1178 1550 1276 1594 suam
1302 1529 1374 1594 sine
1398 1530 1468 1594 vllo
1493 1536 1625 1621 retene-

434 1684 437 1693 ,
513 1641 641 1700 mento,
690 1634 787 1699 Idem
809 1634 917 1700 eciam
939 1633 978 1700 G.
1003 1634 1110 1710 dedit,
1133 1654 1226 1699 conc.
1251 1641 1285 1698 et
1307 1655 1340 1718 p.
1364 1655 1392 1698 c.
1416 1634 1505 1699 conf.
1530 1635 1625 1699 dicto

512 1739 626 1804 Will'o
661 1738 784 1824 Gaugy
819 1759 909 1803 omn.
947 1738 1112 1823 percellas
1148 1745 1265 1803 terrar.
1303 1738 1338 1802 in
1374 1739 1546 1804 territorio
1582 1739 1625 1803 de

308 1843 346 1892 Et
354 1843 381 1919 1¹3
391 1843 497 1907 campis
513 1843 637 1928 Ripon'
655 1864 742 1928 quas
759 1844 842 1907 emit
859 1843 901 1907 de
919 1843 992 1907 Ric.
1012 1843 1081 1908 filio
1098 1842 1129 1905 N
1132 1842 1211 1907 ich'i
1234 1842 1280 1907 fil.
1300 1842 1420 1907 Rob'ti
1437 1843 1482 1907 fil.
1501 1844 1625 1908 Douue

297 1910 332 1959 de
346 1910 466 1974 Rrppon.
514 1947 555 2031 (?)
574 1968 641 2032 que
657 1947 770 2013 iacent
786 1946 878 2012 vltra
893 1947 1004 2012 Skelle
1020 1946 1112 2011 inter
1127 1951 1269 2031 pontem
1285 1946 1327 2010 de
1344 1947 1416 2011 Yor
1431 1953 1466 2010 et
1481 1948 1625 2013 boscum

512 2052 554 2116 de
577 2052 735 2136 Aldwyk‚
756 2050 827 2115 sine
851 2051 925 2115 vllo
949 2056 1195 2116 retenemento.
1245 2051 1388 2115 Habet
1412 2056 1481 2116 ten.
1507 2051 1541 2116 in
1566 2052 1623 2118 lib.

512 2163 546 2220 et
574 2176 668 2240 perp.
699 2157 739 2220 el.
769 2156 834 2220 eid.
866 2156 982 2220 Will'o
1006 2157 1134 2220 ether.
1160 2155 1215 2218 vel
1243 2157 1366 2240 assign.
1396 2176 1422 2220 s,
1453 2158 1624 2232 omnibus

511 2261 663 2345 exceptis
696 2260 779 2324 viris
811 2259 974 2345 religiosis
1008 2266 1043 2323 et
1076 2260 1185 2324 iudeis
1219 2265 1254 2324 et
1287 2258 1502 2344 Capitalibus
1535 2261 1625 2326 d'nis

511 2367 712 2441 feodorum;
739 2365 848 2429 Redd.
876 2364 955 2429 inde
982 2365 1163 2430 annuatim
1191 2363 1302 2448 Capit.
1331 2364 1456 2447 Ripon'
1484 2364 1550 2447 ijs,
1577 2386 1623 2430 sc.

330 2481 354 2529 A
367 2481 496 2544 chaplain
511 2473 556 2538 ad
573 2473 670 2536 Pent.
689 2470 772 2553 xijd.
791 2476 826 2533 et
842 2469 887 2534 ad
903 2469 925 2535 f.
945 2470 977 2534 S.
996 2470 1040 2534 M.
1055 2469 1139 2553 xijd.
1188 2469 1235 2532 Et
1251 2469 1459 2534 inueniendo
1472 2469 1625 2554 Capella·

296 2551 329 2664 3
354 2549 402 2664 ἵζε
424 2549 497 2663 Ἢ
510 2597 595 2642 num
613 2576 775 2640 idoneum
794 2573 854 2658 qui
874 2573 1000 2638 cotidie
1019 2573 1206 2638 celebrabit
1226 2573 1367 2638 missam
1387 2573 1429 2637 de
1449 2573 1622 2638 defunctis

297 2679 379 2732 drew.
511 2701 590 2747 cum
602 2680 744 2766 placebo
758 2685 792 2742 et
805 2678 911 2763 dirige
923 2699 1002 2743 cum
1015 2677 1315 2743 commendacione
1329 2678 1442 2743 anime
1455 2678 1500 2743 ad
1516 2679 1624 2743 altare

512 2786 578 2852 S'ci
592 2785 727 2853 Andree
742 2783 832 2849 infra
847 2782 926 2848 eccl.
944 2783 1069 2868 Ripon'
1086 2783 1121 2848 in
1135 2803 1229 2868 perp.
1246 2803 1308 2867 pro
1323 2782 1505 2849 animabus
1521 2782 1624 2849 Will'i

512 2898 546 2956 et
567 2890 689 2976 Nigelli
709 2889 751 2953 de
772 2887 941 2971 Moubray
964 2894 1011 2970 (et
1032 2890 1313 2971 antecessorum)¹
1335 2893 1370 2951 et
1390 2908 1623 2953 successorum

511 3016 651 3061 suorum
673 3001 707 3059 et
730 2992 835 3059 Gallr.
855 2992 1003 3076 archiep.
1022 2998 1056 3056 et
1078 2991 1183 3057 Galfr.
1202 2991 1245 3055 de
1262 2992 1389 3057 Larder
1405 2997 1440 3055 et
1456 3013 1547 3057 omn.
1567 2992 1623 3057 fid.

333 3152 340 3165 .
511 3101 763 3165 defunctorum.
811 3098 857 3162 Et
885 3097 1060 3161 reddendo
1089 3096 1178 3161 d’nis
1205 3096 1384 3161 feodorum
1409 3097 1565 3162 redditus
1592 3103 1626 3161 et

298 3153 498 3283 mallslldlssss
511 3204 655 3270 senricia
670 3224 736 3288 que
750 3202 794 3268 ad
810 3222 867 3266 eos
883 3200 1058 3285 pertinent
1075 3200 1264 3265 secundum
1280 3206 1435 3265 tenorem
1451 3207 1625 3266 cartarum

298 3287 378 3350 “lm''
512 3328 675 3383 suarum;
707 3306 882 3391 predictus
908 3326 992 3369 vero
1015 3304 1125 3368 Will's
1148 3311 1182 3369 et
1206 3304 1259 3369 sui
1282 3305 1396 3369 hered.
1422 3304 1477 3368 vel
1501 3306 1624 3391 assign.

512 3413 647 3480 dabunt
669 3411 824 3497 predicto
847 3409 1032 3494 Capellano
1055 3429 1116 3493 per
1139 3430 1268 3474 annum
1289 3408 1322 3493 iij
1343 3430 1476 3475 marcas
1492 3409 1623 3494 argenti

513 3540 575 3604 pro
596 3517 667 3583 suis
697 3515 887 3600 stipendiis,
910 3535 955 3578 sc.
980 3514 1118 3578 mediet.
1143 3513 1234 3579 infra
1257 3519 1324 3577 oct.
1350 3514 1382 3578 S.
1408 3514 1452 3577 M.
1477 3520 1511 3578 et
1534 3514 1623 3579 med.

513 3622 603 3688 infra
618 3627 685 3687 oct.
705 3621 816 3694 Pent,
833 3618 964 3704 quassi
981 3617 1177 3683 distulerint
1194 3618 1336 3682 reddere
1352 3617 1444 3684 vltra
1460 3618 1625 3683 terminos

514 3732 725 3813 pretaxatos,
743 3724 921 3790 dimidiam
937 3743 1089 3788 marcam
1105 3722 1240 3787 soluent
1257 3722 1291 3786 in
1306 3722 1462 3806 quolibet
1479 3723 1626 3788 termino

318 3856 498 3918 wn1,0augy
515 3833 549 3897 in
572 3851 697 3916 penam
719 3828 847 3894 fabrice
864 3828 943 3892 eccl.
963 3827 1100 3911 Ripon’.
1144 3827 1235 3891 Item
1251 3826 1344 3910 pred.
1369 3826 1478 3890 Will’s
1500 3833 1534 3890 et
1556 3828 1626 3891 her.

301 3923 413 3973 andhis
427 3921 500 4037 hteirs
515 3936 570 4000 vel
598 3935 721 4019 assign.
751 3932 803 3997 sui
832 3932 925 4017 pred.
957 3931 1141 4017 Capellano
1169 3938 1307 3995 mortuo
1335 3931 1390 3993 vel
1419 3938 1538 3996 amoto
1566 3953 1628 4015 pro

301 3994 331 4040 to
344 4004 463 4054 presan.
516 4041 641 4105 delicto
676 4059 749 4113 suo,
786 4037 891 4101 alium
927 4035 1178 4120 presentabunt
1214 4035 1307 4118 pred.
1345 4034 1505 4119 Capitulo
1540 4036 1630 4100 infra

515 4143 769 4230 quinquaginta
807 4142 888 4206 dies
937 4140 1038 4225 Quod
1076 4139 1104 4202 si
1144 4140 1232 4202 forte
1271 4139 1381 4203 lacere
1420 4138 1628 4214 distulerint,

329 4258 501 4321 litheyneg·
516 4249 631 4314 licebit
663 4246 864 4331 (Capitulo)²
893 4244 951 4309 illa
979 4243 1054 4307 vice
1083 4243 1188 4308 alium
1216 4243 1378 4307 idoneum
1407 4244 1629 4327 Capellanum

301 4324 501 4457 leeffissssntsshe
517 4354 591 4419 loco
619 4352 691 4418 eius
719 4349 938 4424 substituere,
968 4348 1023 4413 cui
1051 4348 1144 4431 pred.
1175 4347 1227 4412 W.
1258 4353 1292 4410 et
1320 4347 1390 4411 her.
1420 4348 1475 4410 vel
1504 4348 1626 4430 assign.

301 4458 428 4524 appoint.
513 4458 569 4524 sui
598 4456 660 4521 xls.
691 4456 756 4520 sub
786 4454 942 4539 predicta
970 4473 1059 4537 pena
1090 4452 1226 4516 soluent
1257 4451 1437 4516 annuatim
1469 4472 1532 4535 pro
1562 4451 1631 4515 suis

515 4559 706 4646 stipendiis
753 4559 880 4624 Omnia
906 4577 988 4622 vero
1016 4555 1216 4640 supradicta
1243 4555 1394 4620 tenenda
1421 4561 1455 4619 et
1483 4555 1631 4619 fideliter

516 4664 733 4732 obseruanda
749 4662 906 4729 affidauit
923 4667 957 4725 et
975 4661 1102 4725 iurauit
1121 4660 1215 4744 pred.
1234 4660 1285 4724 W.
1336 4660 1376 4722 ln
1393 4660 1494 4724 huius
1511 4665 1629 4724 autem

588 4809 595 4832 ¹
616 4800 758 4870 Repeated
772 4800 800 4848 iu
814 4800 869 4847 MS.
878 4763 915 4769 μ
943 4802 954 4823 ²
973 4797 1031 4845 Not
1043 4795 1071 4844 in
1085 4795 1133 4844 the
1146 4796 1202 4843 MS.
