3950 5625
716 712 809 776 Acis
833 728 878 776 os
902 712 1081 780 Canama.
1389 730 1453 796 229

343 891 465 955 eadem
484 911 545 975 per
562 896 709 955 mortem
729 890 848 976 Mag'ri
867 891 978 974 Joh’is
997 893 1141 957 Sendale
1159 894 1271 959 vltimi
1291 894 1451 959 Canonici

342 1001 377 1059 et
389 993 604 1080 prebendarij
620 995 806 1059 eorundem
819 1003 983 1060 vacantes
996 1004 1030 1061 et
1044 997 1089 1061 ad
1104 997 1215 1062 n'ram
1231 998 1451 1063 collacionem

341 1099 443 1184 pleno
464 1100 535 1164 iure
556 1105 753 1183 spectantes
774 1099 899 1164 dilecto
919 1101 1019 1165 nobis
1040 1102 1074 1166 in
1096 1101 1176 1185 Xpo
1198 1102 1267 1166 lilio
1288 1103 1451 1187 Magistro

341 1203 434 1286 Joh'i
470 1203 635 1278 Shirwod,
671 1223 764 1268 sacre
799 1204 980 1290 Theologie
1016 1205 1207 1289 professori,
1243 1205 1451 1271 contulimus

341 1308 472 1372 intuitu
497 1307 663 1382 caritatis,
690 1307 871 1392 ipsumque
897 1309 1101 1373 canonicum
1127 1316 1161 1373 et
1188 1310 1451 1393 prebendarium

341 1412 512 1476 dictorum
536 1412 766 1477 Canonicatus
790 1419 825 1477 et
849 1414 1020 1496 prebende
1044 1414 1259 1479 instituimus
1282 1421 1317 1478 et
1340 1414 1451 1479 inues-

342 1517 509 1581 tiuimus1
530 1517 783 1600 presencialiter
802 1517 836 1581 in
856 1523 891 1581 et
907 1518 949 1582 de
966 1518 1104 1592 eisdem,
1122 1518 1228 1582 Vobis
1247 1519 1453 1584 mandamus

342 1672 350 1686 .
373 1673 380 1686 .
404 1673 410 1686 .
432 1621 638 1706 assignando
660 1621 788 1704 (almost
807 1642 845 1686 as
863 1621 902 1686 io
921 1621 985 1686 No.
1008 1624 1097 1703 310).
1146 1623 1228 1688 Dat.
1249 1629 1367 1688 nostro
1387 1625 1452 1688 sub

341 1725 450 1810 sigillo
469 1726 504 1790 in
524 1726 677 1810 hospicio
696 1732 815 1790 nostro
835 1747 941 1810 prope
960 1726 1103 1791 Westm.
1125 1727 1268 1803 situat0,
1289 1728 1452 1792 vicesimo

340 1837 439 1894 sexto
472 1830 526 1894 die
560 1831 685 1894 mensis
719 1830 907 1914 Februarii,
936 1831 1038 1895 Anno
1072 1831 1153 1896 D'ni
1188 1831 1306 1896 Mill’io
1338 1842 1453 1896 ccccmo

341 1935 552 2021 sexagesimo
569 1941 678 2011 sexte,
697 1941 731 1999 et
749 1941 864 2000 nostre
882 1935 1120 2000 translacionis
1138 1957 1229 2001 anno
1246 1936 1406 2001 secundo

430 2064 572 2128 Presens
595 2063 800 2128 mandatum
824 2070 897 2128 erat
921 2064 1054 2129 editum
1078 2064 1112 2128 in
1136 2064 1240 2129 domo
1263 2062 1452 2148 Capitulari

343 2168 407 2253 xij⁰
442 2169 496 2233 die
531 2168 657 2232 mensis
692 2167 772 2251 Maij
811 2189 902 2232 anno
936 2168 1136 2253 supradicto
1171 2189 1231 2252 per
1266 2169 1452 2234 discretum

343 2274 455 2338 virum
480 2272 648 2358 Mag'rum
672 2272 809 2355 Joh’em
833 2272 964 2337 Saxton
988 2278 1246 2358 procuratorem
1267 2294 1369 2339 suum
1390 2293 1453 2358 pro

346 2399 385 2442 eo
404 2378 593 2443 admissum
612 2382 647 2440 et
666 2377 857 2441 inductum.

469 2518 556 2601 (327)
588 2516 795 2599 (Admission
818 2523 855 2581 to
879 2516 1131 2582 Clotherholme
1153 2517 1331 2601 Chantryl.

430 2645 604 2710 Vniuersis
624 2646 656 2710 S.
679 2646 722 2710 M.
745 2646 784 2710 E.
807 2645 886 2729 filijs
906 2652 1081 2730 presentes
1101 2646 1216 2711 literas
1235 2647 1450 2731 inspecturis
1505 2742 1506 2751 ἵ

343 2750 541 2837 Capitulum
585 2750 663 2815 eccl.
710 2749 791 2816 Coll.
840 2750 964 2835 Ripon'
1011 2751 1113 2816 Ebor.
1160 2751 1246 2817 dioc.
1292 2752 1449 2818 salutem.
1501 2759 1509 2770 ⁴
1564 2760 1570 2772 ·
1622 2758 1627 2770 ·

343 2856 517 2921 Noueritis
539 2855 634 2939 quod
656 2876 718 2919 nos
742 2855 786 2919 ad
809 2855 1007 2920 Cantariam
1031 2863 1234 2940 perpetuam
1257 2856 1292 2920 in
1315 2857 1453 2942 Capella

343 2962 443 3025 beate
468 2960 575 3024 Marie
599 2959 747 3044 Virginis
770 2959 812 3023 de
837 2959 984 3024 Clother'
1011 2966 1206 3026 nostrorum
1230 2960 1390 3046 territorii
1418 2967 1452 3026 et

342 3064 501 3149 parochie
538 3084 599 3147 per
634 3064 777 3129 liberam
814 3063 1082 3149 resignacionem
1119 3064 1190 3129 d'ni
1227 3065 1338 3147 Joh'is
1375 3064 1451 3130 Goll

343 3168 521 3253 capellani,
554 3168 666 3232 vltimi
698 3169 898 3251 possessoris
929 3168 1082 3233 eiusdem
1113 3176 1306 3244 vacantem,
1339 3176 1373 3234 et
1407 3169 1452 3234 ad

343 3273 635 3358 presentacionem
676 3271 821 3336 Galfridi
863 3273 992 3357 Pygott
1030 3273 1071 3337 de
1110 3273 1257 3337 Clother'
1295 3274 1449 3358 predict,

343 3377 471 3452 militis,
492 3382 718 3460 spectantem,
739 3376 835 3441 d'nm
851 3377 1021 3441 Thomam
1038 3378 1152 3441 Labra
1168 3376 1390 3461 Capellanum
1406 3378 1451 3442 ad

344 3481 488 3545 eandem
508 3480 705 3544 Cantariam
725 3501 785 3564 per
804 3481 951 3545 eundem
970 3481 1164 3546 Gallridum
1184 3482 1282 3546 nobis
1301 3481 1451 3566 legitime

344 3590 580 3671 presentatum
596 3585 807 3661 admisimus,
825 3607 864 3649 ac
880 3586 993 3670 ipsum
1009 3586 1231 3670 Capellanum
1246 3593 1451 3670 perpetuum

344 3689 556 3754 instituimus
590 3689 751 3753 canonice
785 3690 820 3753 in
855 3691 975 3755 eadem
1010 3691 1044 3754 in
1079 3691 1190 3755 forma
1224 3690 1451 3755 ordinacionis

344 3794 495 3859 eiusdem
525 3793 684 3858 Cantarie
714 3793 815 3869 lacte,
847 3816 886 3859 ac
916 3795 1063 3859 eundem
1093 3794 1189 3858 d’nm
1218 3794 1386 3859 Thomam
1416 3796 1450 3859 in

344 3899 553 3984 corporalem
572 3898 819 3982 possessionem
837 3899 928 3963 dicte
947 3898 1106 3963 Cantarie
1124 3920 1203 3963 cum
1221 3900 1291 3964 suis
1309 3899 1451 3982 Juribus

344 4009 378 4067 et
404 4003 526 4088 pertin.
555 4003 722 4067 vniuersis
749 4003 947 4068 induximus
974 4003 1009 4066 in
1036 4002 1165 4067 eadem.
1215 4003 1255 4067 ln
1281 4004 1377 4068 cuius
1403 4004 1451 4067 rei

343 4107 580 4172 testimonium
599 4107 746 4191 sigillum
767 4114 923 4172 nostrum
943 4106 1158 4190 presentibus
1177 4113 1229 4170 est
1248 4128 1448 4191 appensum.

1529 2072 1602 2130 1467.

1502 2136 1568 2200 May
1584 2149 1622 2185 12.

343 4211 423 4276 Dat.
461 4211 495 4276 in
531 4211 634 4275 domo
670 4219 788 4276 nostra
823 4210 1006 4295 capitulari
1041 4206 1203 4274 vicesimo
1238 4211 1361 4295 quinto
1396 4211 1450 4275 die
1516 4244 1518 4247 ·

343 4315 457 4399 Marci]
480 4316 581 4379 Anno
600 4315 680 4379 D'ni
700 4316 842 4379 Mill'mo
860 4325 974 4379 ccccm⁰
993 4314 1324 4414 sexagesimolnono

519 4456 606 4539 (328)
634 4457 883 4521 Puorasracro
907 4456 1063 4522 Wirr'ur
1089 4456 1277 4520 Poranau.

431 4586 471 4651 ln
510 4586 573 4650 Dei
611 4586 759 4662 nomine,
798 4585 918 4649 Amen.
967 4585 1090 4649 Coram
1128 4583 1226 4646 vobis
1263 4584 1449 4648 venerabili

340 4691 499 4775 Capitulo
524 4689 602 4754 eccl.
629 4688 710 4754 Coll.
738 4692 919 4754 beatorum
943 4689 1037 4753 Petri
1060 4694 1095 4751 et
1119 4685 1266 4751 Willridi
1290 4687 1447 4771 Riponie,

410 4840 415 4862 ¹
437 4840 453 4860 ‘⁶
464 4831 677 4882 Investituimus
690 4830 705 4849 ’'
721 4831 749 4879 in
763 4828 893 4895 previous
906 4828 1062 4877 mandates.

1512 4604 1616 4660 1478-9.

1499 4666 1567 4715 Mar.
1583 4681 1625 4728 ²9·
