3950 5625
482 723 543 786 106
766 724 845 787 Tms
871 724 1027 788 {nomer
1052 723 1299 787 Manuscmrr.

477 901 685 985 Vbicumque
701 908 735 965 et
751 902 785 966 in
801 922 1099 986 quorumcumque
1114 902 1274 966 manibus
1291 901 1417 966 fuerint
1434 901 1590 977 inuenta,

477 1005 570 1087 Joh'i
589 1005 643 1069 del
663 1006 765 1089 Hyde
784 1006 826 1070 de
846 1006 995 1090 Rypon'‚
1010 1027 1080 1070 vna
1092 1027 1171 1070 cum
1190 1005 1337 1070 debitis¹
1358 1012 1392 1070 et
1411 1006 1588 1070 debendis.

479 1109 518 1172 ln
533 1131 561 1173 c.
579 1129 604 1174 r.
623 1116 648 1174 t.
666 1110 882 1194 presentibus
896 1112 956 1195 sig.
975 1132 1020 1175 m.
1038 1111 1193 1194 apposui.
1242 1110 1323 1174 Dat.
1341 1110 1434 1194 apud
1451 1110 1589 1194 Rypon'

476 1214 531 1277 die
554 1213 726 1278 dominica
749 1235 846 1298 prox.
872 1221 950 1298 post
975 1215 1103 1278 festum
1127 1215 1220 1278 beati
1245 1215 1338 1278 Petri
1362 1215 1407 1279 ad
1430 1215 1587 1279 Vincula.

476 1318 577 1383 Anno
596 1319 677 1383 D'ni
697 1318 839 1383 Mill’mo
858 1335 957 1384 ccc¹¹¹0
974 1319 1228 1403 septuagesimo
1247 1325 1382 1384 octauo,

674 1497 761 1581 (169)
790 1500 975 1563 Pnossacro
1000 1515 1228 1563 rrsrnuunrr
1254 1515 1480 1564 suennnrorr.

477 1698 481 1703 .
567 1639 606 1702 In
625 1639 680 1703 dei
699 1641 846 1715 nomine,
867 1640 987 1704 Amen.
1037 1639 1123 1704 Cum
1141 1640 1260 1722 Joh'es
1284 1639 1338 1703 del
1363 1640 1476 1723 Hyde,
1497 1662 1587 1704 exec.

478 1744 677 1808 testamenti
722 1765 782 1808 scu
825 1744 946 1808 vltime
991 1744 1183 1809 voluntatis
1228 1744 1347 1828 Mag'ri
1393 1745 1503 1827 Joh’is
1548 1745 1590 1808 de

478 1847 648 1923 Crakhall,
667 1848 828 1912 Canonici
845 1848 923 1912 eccl.
940 1848 1021 1912 Coll.
1041 1848 1177 1931 Rypon’
1196 1848 1362 1923 defuncti,
1379 1849 1433 1912 cui
1450 1849 1590 1933 quidem

477 1952 571 2016 dicto
593 1952 685 2035 Joh'i
707 1953 762 2016 del
784 1952 886 2036 Hyde
907 1952 1021 2016 dictus
1043 1953 1205 2036 Magister
1225 1952 1344 2034 loh’es
1366 1953 1408 2016 de
1429 1953 1590 2018 Crakhall

477 2057 593 2120 omnia
615 2057 706 2120 bona
729 2062 762 2120 et
785 2057 911 2121 catalla
932 2077 996 2121 sua
1021 2056 1269 2140 perscriptum
1292 2057 1370 2120 inde
1392 2057 1589 2122 conlectum

477 2161 622 2225 donauit
662 2162 726 2224 sub
758 2161 956 2225 condicione
984 2161 1125 2235 verbali,
1151 2160 1309 2224 videlicet
1341 2161 1435 2244 quod
1466 2182 1590 2245 corpus

476 2286 577 2330 suum
592 2265 725 2350 sepeliri
741 2265 868 2329 faceret
885 2271 924 2328 vt
940 2266 1122 2339 incumbit,
1138 2285 1178 2328 ac
1194 2266 1302 2329 eciam
1318 2265 1413 2349 quod
1429 2267 1589 2330 vniuersa

475 2370 594 2434 debita
619 2390 682 2433 sua
707 2369 915 2453 persolueret
941 2368 1130 2433 secundum
1157 2369 1393 2453 quantitatem
1418 2371 1589 2434 bonorum

474 2495 615 2539 suorum
646 2473 879 2558 predictorum
911 2479 945 2537 et
977 2473 1167 2537 secundum
1198 2473 1292 2556 quod
1324 2473 1398 2557 ipsa
1430 2475 1522 2539 bona
1554 2480 1589 2539 et

475 2578 601 2643 catalla
631 2577 784 2642 sufficere
814 2582 988 2661 poterunt,
1023 2577 1219 2641 huiusmodi
1251 2583 1501 2642 testamentum
1529 2599 1588 2643 seu

476 2682 636 2746 Vltimam
667 2682 886 2746 voluntatem
918 2702 1035 2746 coram
1067 2682 1166 2745 nobis
1198 2681 1358 2765 Capitulo
1391 2683 1470 2747 eccl.
1505 2683 1586 2747 Coll.

475 2787 628 2872 predicte
656 2807 717 2871 per
745 2791 850 2851 testes
878 2785 1068 2871 fidedignos
1097 2786 1247 2871 legitime
1276 2787 1438 2870 probauit
1468 2793 1507 2852 vt
1537 2794 1587 2852 est

476 2892 589 2966 moris,
617 2890 688 2955 Nos
713 2891 910 2975 Capitulum
936 2891 1141 2975 predictum,
1168 2891 1325 2955 admissis
1349 2912 1466 2956 coram
1490 2893 1589 2956 nobis

476 2996 741 3080 probacionibus
774 3016 876 3080 super
908 2996 1061 3060 iaccione
1094 2996 1261 3079 presentis
1295 2998 1497 3061 testamenti
1530 2996 1595 3061 seu'

475 3101 597 3164 vltime
640 3100 831 3164 voluntatis
874 3101 1030 3184 predicti,
1075 3101 1188 3184 ipsum
1231 3105 1482 3166 testamentum
1525 3102 1589 3165 rite

477 3205 609 3270 lactum
645 3211 679 3270 et
714 3206 901 3289 probatum
936 3206 1214 3289 pronunciamus
1252 3205 1589 3270 administracionem

477 3310 632 3374 omnium
653 3311 822 3374 bonorum
845 3314 879 3373 et
900 3309 1105 3373 catellorum
1126 3309 1359 3392 predictorum
1381 3310 1471 3374 infra
1490 3310 1589 3394 juris-

477 3414 666 3479 diccionem
692 3419 846 3479 nostram
873 3414 1098 3478 existencium
1124 3414 1259 3498 prefato
1285 3413 1380 3496 Joh'i
1405 3414 1460 3479 del
1487 3414 1589 3499 Hyde

478 3519 513 3582 in
534 3519 645 3583 forma
663 3518 789 3582 statuti
808 3539 910 3601 super
930 3519 994 3582 hoc
1014 3519 1098 3582 editi
1117 3518 1353 3583 concedentes.
1403 3519 1443 3582 In
1463 3540 1491 3583 c.
1513 3540 1538 3583 r.
1560 3525 1585 3583 t.

478 3623 537 3707 sig.
561 3644 593 3687 n.
616 3623 831 3706 presentibus
859 3629 910 3686 est
936 3643 1137 3707 appensum.
1186 3623 1266 3687 Dat.
1289 3623 1324 3687 in
1344 3622 1448 3687 domo
1469 3629 1587 3687 nostra

479 3727 678 3811 Capitulari,
714 3749 737 3790 x
771 3727 825 3791 die
861 3728 965 3791 Mens.
1002 3726 1160 3812 Augusti,
1196 3727 1296 3791 Anno
1331 3727 1412 3791 D’ni
1446 3727 1587 3803 Mill'mo

477 3845 576 3896 ccc¹no
594 3831 714 3897 lxxix0.

482 3998 569 4080 (170)
604 3997 716 4062 Corra
745 4014 971 4062 rssrnnnnrr
1005 3996 1151 4061 Gunrrn
1184 4014 1334 4062 nrrrcru
1366 3998 1486 4081 Jon’rs
1518 4015 1588 4062 nur

525 4101 630 4165 Hrrr
654 4118 702 4164 nr
726 4101 1011 4165 Corprnrrnwrn.

570 4244 609 4307 ln
645 4244 708 4306 Dei
743 4243 890 4317 nomine,
926 4242 1047 4316 Arnen,
1083 4242 1138 4306 die
1172 4242 1344 4308 dominica
1378 4265 1473 4327 prox.
1510 4250 1587 4328 post

480 4348 607 4412 festum
644 4348 861 4411 Inuencionis
897 4347 970 4411 S’ce
1006 4347 1121 4411 Crucis
1156 4347 1258 4411 Anno
1294 4348 1374 4412 D'ni
1411 4348 1588 4413 Millesimo

479 4466 578 4516 cec¹¹¹0
598 4452 850 4536 septuagesimo
874 4471 975 4525 n0n0,
1000 4449 1132 4514 Gudith
1157 4451 1275 4514 relicta
1296 4452 1407 4534 loh’is
1429 4453 1483 4516 del
1506 4452 1586 4535 Hyll

479 4555 635 4619 condidit
650 4561 899 4619 testamentum
913 4575 1014 4618 suum
1029 4555 1264 4639 nuncupatiue
1280 4556 1314 4619 in
1329 4557 1420 4620 hunc
1435 4556 1585 4621 modurn.

481 4660 520 4723 In
538 4660 656 4743 primis
672 4658 768 4723 dedit
786 4665 820 4723 et
837 4658 965 4744 legauit
983 4658 1135 4721 animam
1152 4680 1251 4723 suam
1268 4659 1342 4723 Deo
1359 4660 1586 4745 omnipotenti

550 4817 555 4839 ¹
578 4813 626 4861 See
639 4827 657 4863 a
669 4773 787 4875 bequest
800 4811 828 4859 in
843 4811 890 4859 the
903 4810 957 4858 will
971 4810 1000 4857 of
1013 4825 1030 4857 a
1042 4809 1157 4860 brother
1170 4826 1259 4860 canon
1273 4810 1301 4859 in
1319 4825 1393 4874 1371,
1408 4829 1434 4877 p.
1453 4827 1510 4863 ror.
