3950 5625
469 689 532 754 242
754 670 833 734 Tua
858 668 1015 735 lncani
1039 668 1286 734 Manuscmrr.

471 849 558 934 (346)
614 850 844 914 Aucrourms
897 864 1167 912 sommuzaum
1220 863 1486 912 unrmuouruu
1540 865 1580 912 m

512 954 677 1018 CAPELLA
701 970 912 1018 FORINSECA.

319 1108 394 1158 Ῑ470,
556 1094 754 1178 Capitulum
800 1093 878 1158 eccl.
926 1092 1008 1157 Coll.
1055 1094 1088 1156 b.
1137 1092 1229 1156 Petri
1275 1091 1401 1175 Ripon'
1449 1091 1582 1155 Rob'to

299 1163 372 1226 June
390 1176 414 1223 7·
469 1198 683 1272 Castiliorde,
715 1203 882 1282 perpetuo
909 1197 1037 1261 vicario
1068 1196 1240 1280 prebende
1271 1196 1313 1260 de
1346 1195 1511 1278 Stodelay
1543 1176 1581 1259 in

469 1303 600 1377 eadem,
626 1302 782 1366 salutem.
830 1302 877 1366 Vt
903 1301 937 1365 in
962 1300 1100 1385 Capella
1126 1300 1191 1365 S'ci
1216 1300 1327 1382 Joh'is
1352 1300 1512 1384 Baptiste
1538 1299 1581 1363 de

303 1412 407 1475 Rishop
469 1407 647 1471 Thomton
670 1406 822 1470 n'rorum
845 1405 1006 1488 territorij
1032 1411 1067 1469 et
1090 1404 1249 1488 parochie
1258 1404 1351 1491 ,eccl
1376 1403 1457 1469 Coll.
1483 1409 1582 1468 ante-

276 1478 429 1527 Tuornton.
469 1511 571 1586 dicte,
591 1511 849 1575 matrimonium
869 1510 958 1573 inter
976 1509 1114 1591 Joh’em
1133 1509 1281 1592 Wythes'
1295 1508 1337 1572 de
1356 1509 1582 1591 Thor(n)1ton

469 1615 611 1699 predict.
634 1614 880 1699 parochianum
902 1619 1002 1679 tuum
1023 1633 1064 1676 ex
1085 1634 1154 1677 vna
1174 1619 1272 1697 parte
1292 1620 1327 1677 et
1348 1613 1582 1694 Margaretam

469 1718 574 1782 filiam
592 1719 703 1801 Joh’is
720 1717 921 1782 Wallworth
939 1717 981 1781 de
998 1717 1177 1781 Thomton
1195 1716 1337 1801 predict.
1357 1716 1399 1780 de
1417 1716 1584 1800 parochia

468 1823 548 1888 eccl.
567 1823 640 1887 coll.
658 1822 812 1907 predicte
829 1842 871 1885 ex
889 1822 997 1885 altera
1014 1828 1112 1904 parte
1129 1821 1220 1885 licite
1237 1821 1353 1884 valeas
1370 1821 1583 1885 solennizare

468 1928 496 1990 si
516 1927 655 2012 aliquod
675 1927 878 1991 canonicum
896 1925 1182 2009 impedimentum
1198 1946 1267 1989 non
1283 1925 1441 1999 obsistat,
1460 1931 1582 1989 tenore

468 2032 681 2116 presencium
708 2031 885 2094 licenciam
912 2030 1132 2095 concedimus
1159 2030 1350 2113 specialem,
1380 2029 1463 2111 Jure
1494 2082 1501 2094 .
1533 2082 1540 2095 .
1573 2082 1580 2095 .

467 2136 571 2200 saluis
592 2136 642 2218 (as
660 2136 699 2200 in
717 2136 781 2200 No.
803 2137 892 2218 344).
941 2135 982 2198 ln
1002 2155 1030 2198 c.
1052 2154 1077 2198 r.
1099 2140 1124 2199 t.
1145 2134 1204 2218 sig.
1226 2134 1292 2198 Off.
1314 2133 1492 2198 Commiss
1513 2135 1582 2198 n'ri

468 2241 683 2323 presentibus
714 2239 947 2323 apposuimus,
995 2239 1076 2302 Dat.
1110 2239 1144 2302 in
1175 2238 1229 2302 do.
1263 2239 1337 2302 n'ra
1366 2259 1417 2302 ca.
1451 2238 1581 2323 Ripon'

467 2344 561 2428 pred.
587 2345 621 2408 in
646 2344 734 2407 iesto
758 2343 831 2407 S’ce
855 2343 1035 2406 Trinitatis
1058 2341 1160 2406 Anno
1188 2341 1268 2405 D’ni
1296 2341 1438 2406 Mill'mo
1463 2353 1584 2406 cccc⁰¹⁰

468 2447 738 2533 Septuagesimo

471 2603 557 2685 (347)
612 2602 843 2666 Aucronrrns
895 2617 1167 2665 sornuruznum
1219 2601 1491 2664 Mnruruomuu
1541 2619 1583 2666 m

512 2722 683 2771 accrasm
708 2722 918 2770 ronrusscn.
1033 2690 1035 2694 ’

556 2848 754 2933 Capitulum
781 2848 860 2913 eccl.
888 2848 970 2913 Coll.
999 2850 1032 2913 b.
1062 2848 1154 2912 Petri
1182 2848 1306 2932 Ripon'
1335 2848 1470 2912 Vicario
1497 2849 1581 2914 eccl.

468 2973 539 3037 par.
564 2953 606 3016 de
629 2953 787 3036 Topclyff
809 2973 911 3036 super
934 2952 1053 3027 Swale,
1077 2952 1234 3016 salutem.
1282 2952 1329 3016 Vt
1353 2952 1387 3016 in
1410 2952 1491 3018 eccl.
1518 2960 1584 3018 tua

467 3057 654 3141 parochiali
682 3057 943 3121 matrimonium
967 3057 1058 3121 inter
1082 3056 1250 3120 Rob'tum
1277 3057 1514 3140 Houyngham
1539 3057 1584 3122 de

468 3161 624 3226 Disforth
650 3161 897 3245 parochianum
923 3167 1024 3224 tuum
1049 3181 1090 3223 ex
1111 3181 1180 3224 vna
1205 3167 1313 3243 parte,
1335 3166 1369 3224 et
1396 3160 1584 3226 isabellam

469 3266 585 3350 Burgh
605 3265 647 3329 de
668 3265 804 3348 Ripon',
826 3265 1071 3348 parochianam
1092 3272 1257 3338 nostram,
1278 3286 1320 3328 ex
1340 3265 1448 3328 altera
1467 3272 1581 3349 parte,

467 3370 559 3433 licite
582 3370 698 3433 valeas
721 3369 940 3443 solennizare,
963 3374 1081 3432 tenore
1103 3369 1315 3452 presencium
1335 3369 1585 3436 auctoritatem

467 3480 622 3538 nostram
664 3479 698 3536 et
742 3473 931 3557 plenariam
974 3473 1178 3537 facultatem
1221 3473 1285 3536 tibi
1328 3473 1583 3540 committimus

467 3577 659 3662 specialem,
700 3578 728 3640 si
767 3577 906 3660 aliquod
943 3577 1229 3661 impedimentum
1267 3577 1470 3641 canonicum
1512 3600 1584 3644 non

467 3682 624 3747 obsistat.
672 3680 1094 3763 Jure...saluis(asin
1113 3681 1177 3745 N0.
1198 3683 1287 3763 344).
1336 3681 1377 3744 ln
1395 3702 1424 3746 c.
1445 3702 1471 3746 r.
1493 3688 1519 3748 t.
1543 3736 1581 3749 ..

467 3786 690 3870 apposuimus
710 3786 760 3869 (as
776 3785 814 3849 in
832 3785 896 3848 No,
916 3784 1005 3868 346).
1053 3786 1134 3849 Dat.
1153 3785 1189 3849 in
1206 3786 1261 3849 do,
1281 3785 1356 3849 n'ra
1374 3784 1430 3849 Ca.
1452 3785 1580 3870 Ripon.

467 3890 610 3973 predict.
643 3889 793 3953 secundo
824 3889 879 3952 die
909 3889 1035 3953 mensis
1066 3889 1276 3972 Septembris
1306 3889 1408 3953 Anno
1438 3890 1582 3956 Domini

468 3994 609 4058 Mill'mo
628 4004 742 4057 ccccmo
761 3992 1024 4077 septuagesimo.

469 4144 520 4222 83.
571 4148 658 4230 (348)
683 4149 892 4213 Onurnncro
915 4164 1103 4211 narrarint
1125 4146 1312 4210 Cannium
1334 4163 1484 4212 Amnius
1507 4149 1579 4214 S'cr

511 4251 642 4333 Jacossr
666 4269 705 4315 ru
729 4268 900 4315 accrasm
923 4250 1151 4314 Comacinus
1175 4251 1304 4315 Ripon'
1330 4267 1510 4317 ruunnru.

321 4430 396 4479 1407·
462 4405 469 4420 ·
555 4393 696 4457 Printed
715 4394 804 4456 from
823 4393 882 4456 the
900 4398 979 4475 part
999 4393 1035 4456 of
1054 4394 1113 4456 the
1132 4391 1313 4457 indenture
1332 4393 1394 4456 leit
1413 4393 1497 4457 with
1518 4396 1579 4460 the

280 4509 417 4560 conation
466 4497 625 4581 Chapter,
647 4498 681 4561 in
706 4497 808 4561 Mem.
833 4496 956 4579 Ripon,
981 4496 1008 4570 I,
1031 4496 1104 4572 162,
1125 4497 1236 4560 where
1260 4517 1304 4560 on
1328 4517 1361 4579 p.
1385 4496 1458 4573 162,
1478 4498 1499 4562 l.
1523 4517 1575 4582 19,

278 4577 420 4693 wiffislng·
465 4602 546 4665 read
566 4601 585 4625 “
602 4601 736 4665 noverit
749 4601 789 4675 ”;
815 4621 859 4663 on
879 4621 911 4683 p.
935 4600 1008 4680 163,
1029 4600 1050 4665 l.
1072 4618 1125 4675 20,
1146 4600 1226 4664 read
1247 4600 1266 4624 “
1283 4600 1461 4665 feodorum
1474 4602 1513 4677 '';
1540 4624 1574 4690 p.

534 4756 542 4778 ¹
561 4752 619 4806 Not
632 4753 660 4802 in
673 4752 730 4803 MS.
