3950 5625
408 670 450 746 38
682 664 766 728 Tua
792 665 947 728 luminu
973 663 1234 727 Manuscnu‘r.

407 841 626 924 cogentibus,
670 839 822 923 colliget.
907 837 996 901 D'ns
1037 849 1152 900 autem
1201 837 1245 899 R.
1289 849 1323 899 et
1367 834 1513 898 heredes

407 939 482 1004 eius
509 961 587 1005 cum
612 938 745 1002 familia
769 961 843 1016 sua,
865 939 898 1000 in
925 938 993 1001 hiis
1017 937 1127 1001 tribus
1145 935 1344 1019 prescriptis
1361 934 1514 1016 solemp-

409 1039 573 1103 nitatibus
601 1038 742 1103 venient
771 1039 814 1102 ad
848 1050 990 1102 matrem
1023 1037 1204 1101 ecclesiam
1237 1056 1362 1106 suam;
1396 1033 1511 1117 [ceteri

407 1158 489 1201 vero
527 1137 728 1221 parochiani
768 1137 849 1200 ville
893 1137 1133 1219 prenominate
1172 1136 1206 1197 in
1251 1134 1319 1197 hiis
1361 1133 1514 1215 solemp-

408 1237 573 1300 nitatibus
605 1237 746 1300 venient
772 1237 815 1299 ad
848 1237 1023 1300 matricem
1056 1236 1238 1300 eeclesiam
1270 1233 1404 1317 suam]1
1433 1233 1508 1297 scil.

406 1336 462 1399 die
495 1335 630 1399 Natalis
663 1336 757 1411 D’ni,
788 1336 843 1399 die
876 1335 1140 1400 Purificacionis
1172 1337 1270 1398 beate
1303 1333 1424 1406 Mane,
1456 1333 1512 1396 die

407 1433 529 1499 Crucis
566 1435 753 1512 adorande,
795 1435 850 1498 die
891 1435 1010 1510 Pasce,
1052 1435 1176 1498 diebus
1214 1432 1443 1497 Assencionis
1480 1445 1514 1496 et

409 1534 642 1611 PentecosteS,
669 1535 811 1598 diebus²
836 1533 904 1597 S'ci
930 1534 1100 1610 Wilfridi,
1126 1534 1182 1596 die
1208 1532 1377 1596 Omnium
1403 1531 1513 1595 Sanc-

406 1645 530 1697 torum.
581 1633 636 1696 Ad
655 1632 718 1696 hec
735 1631 887 1715 prefatus
907 1631 950 1695 R.
968 1633 1022 1696 vel
1041 1633 1242 1714 quicunque
1258 1632 1288 1694 ei
1306 1630 1513 1694 successerit

407 1732 538 1816 prefato
562 1732 754 1816 Capeliano
783 1731 817 1793 in
842 1732 962 1795 eadem
992 1733 1126 1815 capella
1153 1730 1317 1794 seruienti
1345 1729 1451 1793 victui
1481 1743 1514 1793 et

406 1832 544 1895 vestitui
578 1831 771 1895 necessaria
804 1831 1015 1895 ministrabit
1046 1831 1100 1894 vel
1134 1852 1196 1914 pro
1235 1830 1303 1894 hiis
1340 1842 1511 1912 quantum

406 1931 495 1994 inter
521 1952 581 1995 eos
606 1930 808 1996 conuenerit
834 1930 876 1994 de
909 1931 1049 2013 proprio
1080 1930 1286 2014 assignabit.
1353 1929 1514 2012 Recipiet

405 2042 520 2094 autem
544 2031 718 2113 predictus
739 2029 953 2111 Capellanus
976 2051 1018 2094 ex
1044 2042 1139 2112 parte
1164 2040 1282 2093 nostra
1305 2029 1373 2110 (16)
1391 2049 1514 2091 manu·

406 2142 542 2212 portum
587 2131 679 2212 quod
716 2131 746 2194 ei
783 2141 852 2192 tam
897 2129 1099 2212 parochiani
1139 2150 1243 2211 quam
1288 2128 1346 2192 alii
1391 2126 1513 2192 fideles

405 2229 515 2313 gratis
546 2229 700 2304 offerent,
735 2228 888 2311 exceptis
920 2229 988 2293 hiis
1023 2250 1090 2311 que
1129 2228 1317 2292 offerentur
1349 2229 1383 2290 in
1416 2228 1513 2292 iestis

404 2331 537 2413 capelle
575 2344 608 2394 et
645 2331 798 2413 exceptis
837 2330 1002 2393 omnibus
1037 2329 1107 2392 illis
1138 2349 1206 2410 que
1238 2328 1311 2392 iure
1343 2328 1514 2391 debentur

404 2430 548 2494 ecclesie
589 2442 714 2507 nostre,
757 2428 830 2493 scil.
868 2427 1013 2492 decimis
1051 2426 1228 2503 omnibus,
1271 2426 1510 2509 sponsalibus,

407 2527 724 2611 purificacionibus‚
766 2528 901 2605 diuisis,
943 2527 1254 2603 confessionibus,3
1291 2540 1325 2591 et
1362 2527 1391 2590 si
1432 2527 1513 2609 quis

408 2628 675 2711 presbiterorum
700 2627 745 2692 ibi
769 2627 1045 2692 ministrancium
1067 2630 1186 2712 aliquo
1211 2643 1366 2713 tempore
1390 2644 1513 2693 contra

407 2740 661 2792 sacramentum
708 2727 834 2804 fecerit,
890 2740 924 2791 et
973 2728 1037 2790 iuri
1085 2731 1166 2794 eccl.
1219 2743 1333 2794 nostre
1378 2729 1512 2812 aliquid

406 2830 625 2906 subtraxerit,
683 2830 909 2911 presbiterum
965 2842 1092 2893 statum
1154 2831 1337 2894 autoritate
1396 2843 1514 2894 nostra

406 2929 582 2993 eiciemus
630 2928 765 3013 Jurabit
780 2949 920 3011 quoque
938 2930 1029 2994 idem
1050 2930 1094 2993 R.
1116 2952 1178 3013 pro
1195 2953 1232 2995 se
1248 2944 1281 2995 et
1306 2952 1368 3014 pro
1393 2930 1509 2994 hered.

406 3050 434 3093 s.
451 3029 493 3092 de
511 3028 761 3111 indempnitate
777 3029 858 3092 eccl.
879 3028 938 3093 s’ci
957 3028 1090 3105 Wilfr.,
1110 3043 1143 3094 et
1159 3032 1253 3112 quod
1277 3053 1298 3094 a
1323 3030 1514 3114 prescripta

406 3128 659 3192 constitucione
687 3128 720 3190 in
752 3140 955 3211 perpetuum
986 3150 1056 3192 non
1090 3129 1259 3194 recedent.
1325 3130 1399 3193 Nos
1430 3151 1513 3193 vero

408 3238 620 3310 pretaxatam
666 3227 953 3305 conuencionem‚
999 3241 1036 3291 vt
1081 3228 1214 3294 firmior
1256 3241 1357 3307 esset,
1401 3229 1512 3313 sigilli

409 3325 602 3390 munimine
635 3327 742 3390 nostri
773 3329 987 3391 roboramus
1051 3329 1132 3394 Hiis
1164 3330 1321 3407 testibus,
1355 3330 1513 3413 Hugone

407 3424 454 3488 fil.
497 3426 674 3511 Gernago,
717 3425 857 3488 Wimar
889 3425 936 3489 fil.
974 3426 1080 3503 Rau..
1114 3428 1203 3492 Rad.
1239 3429 1281 3493 de
1314 3429 1509 3513 Nunewyk,

410 3525 537 3589 Radul.
559 3525 606 3589 fil.
627 3526 708 3603 Ald,
732 3526 886 3589 Roberto
903 3526 945 3589 de
967 3526 1148 3605 Mulwath,
1170 3529 1286 3592 Alano
1306 3529 1509 3605 Bruncoste,

409 3626 591 3691 Willelmo
602 3628 644 3691 de
658 3626 835 3710 Stodelay,
855 3625 1014 3689 Waltero
1028 3627 1189 3703 Alcman,
1205 3627 1329 3709 Joh’ne
1343 3628 1509 3713 Creuger.

834 3764 904 3845 (42)
930 3764 1081 3826 Horuu.

483 3889 611 3969 (Grant
626 3889 664 3952 ol
677 3889 757 3951 land
775 3888 827 3951 sor
843 3888 965 3970 chapel
984 3890 1030 3971 by
1050 3888 1172 3972 Roger
1187 3889 1229 3952 de
1247 3889 1428 3974 Conyers).

497 4015 637 4078 Printed
655 4013 741 4077 from
760 4013 817 4076 the
837 4013 1077 4097 Darnbrough
1097 4013 1174 4076 MS.
1196 4014 1229 4076 in
1256 4015 1361 4078 Mem.
1383 4017 1508 4097 Rz'pon,

410 4118 435 4194 l,
468 4136 540 4179 201.
606 4114 747 4198 Ingilby
782 4113 858 4176 MS.
895 4112 958 4175 has
990 4112 1047 4175 the
1081 4113 1244 4197 readings
1280 4115 1511 4192 “Dusacre,''

411 4213 622 4290 “Sauner‚”
688 4211 910 4288 “fr’nitate,'’
976 4212 1180 4275 “Kendala
1238 4214 1312 4276 iuxa
1373 4214 1511 4297 p‘fata,”

411 4320 432 4351 “
446 4312 671 4389 Cramauill,”
693 4319 715 4347 “
732 4311 959 4388 Bruncoste,’'
981 4319 1002 4345 “
1016 4311 1082 4374 Aie
1099 4311 1141 4375 de
1160 4312 1413 4396 Bischoptun.”

474 4459 481 4481 ¹
500 4453 591 4501 These
611 4453 701 4501 words
722 4467 770 4499 are
791 4450 904 4499 omitted
926 4449 951 4496 in
971 4450 1017 4495 the
1038 4448 1105 4505 MS„
1127 4449 1172 4495 but
1190 4467 1238 4499 are
1257 4454 1321 4500 bere
1339 4454 1421 4500 taken
1443 4452 1510 4500 from

407 4532 509 4581 similar
521 4531 690 4588 documents,
704 4546 765 4592 e.g.,
781 4530 833 4577 No.
848 4543 887 4590 50·

471 4609 557 4657 ²The
579 4607 770 4665 “Nativitas,''
790 4605 900 4667 Sunday
920 4605 992 4652 after
1010 4603 1080 4665 Aug.
1104 4618 1123 4658 r,
1144 4602 1189 4648 the
1211 4597 1361 4661 Depositio,
1388 4596 1450 4643 Oct.
1472 4611 1509 4653 12,

407 4689 461 4739 and
475 4688 520 4735 the
535 4690 552 4713 ‘¹
563 4686 745 4742 Translatio,''
758 4685 823 4747 Apr.
839 4699 877 4745 24.

472 4771 482 4803 3
500 4766 552 4814 Νο.
567 4778 599 4828 50
610 4764 692 4812 reads
707 4763 828 4811 “diuisis
840 4769 868 4811 et
880 4758 1123 4810 confessionibus.''
1158 4757 1265 4805 Divisae
1276 4770 1324 4803 are
1337 4752 1467 4815 legacies.
