3950 5625
356 700 361 707 '
435 719 499 785 270
727 707 805 772 Tne
830 709 986 775 luerim(
1010 710 1258 778 Manuscmrr.

436 888 470 945 et
500 904 589 948 succ.
618 906 644 951 S.
674 908 714 951 ac
740 888 810 951 suis
837 889 1023 954 attomatis
1051 890 1231 975 assignatis
1257 890 1489 956 seruientibus
1518 898 1555 956 et

435 987 600 1052 ministris
627 991 661 1054 in
688 992 842 1075 predicto
868 995 1021 1058 manerio
1047 996 1198 1078 ipsorum
1226 996 1279 1060 Pr.
1307 1002 1342 1060 et
1369 996 1477 1061 Conu.
1509 997 1553 1061 de

436 1090 606 1157 Ledeston
626 1095 660 1158 in
679 1095 772 1160 Com.
794 1097 897 1161 Ebor.
918 1119 998 1162 cum
1017 1105 1102 1181 pert.
1123 1120 1149 1164 s.
1171 1099 1298 1163 intrare
1317 1107 1351 1163 et
1371 1101 1405 1164 in
1426 1101 1552 1165 eodem

434 1195 644 1282 distringere,
671 1207 705 1264 et
730 1200 963 1265 districciones
986 1202 1034 1265 sic
1057 1209 1178 1286 captas
1205 1203 1384 1279 abducere,
1413 1204 1549 1288 fugare,

434 1300 506 1364 siue
538 1310 724 1386 asportare,
758 1311 792 1370 et
822 1326 926 1389 penes
953 1326 988 1369 se
1016 1306 1170 1381 retinere,
1200 1328 1379 1392 quousque
1407 1308 1476 1372 sibi
1503 1307 1550 1372 de

435 1406 615 1489 arreragijs
660 1409 804 1491 predicti
847 1410 952 1474 annui
998 1410 1152 1476 redditus
1189 1412 1306 1476 decem
1349 1432 1550 1477 marcarum

434 1508 584 1592 plenarie
624 1512 726 1576 luerit
766 1514 984 1578 satisfactum
1024 1522 1058 1579 et
1099 1517 1311 1599 persolutum
1351 1517 1396 1581 ad
1436 1517 1550 1582 altare

434 1613 638 1697 predictum,
685 1617 757 1681 sine.
803 1617 933 1682 clameo
978 1620 1033 1682 vel
1080 1621 1326 1704 impedimento
1372 1621 1550 1686 dictorum

437 1717 560 1782 Prioris
579 1727 613 1784 et
634 1721 832 1786 Conuentus
851 1723 906 1787 vel
925 1744 1107 1789 successor.
1129 1746 1154 1790 S.
1177 1727 1442 1809 imperpetuum.

261 1848 341 1963 ffl‘ltgf
350 1848 421 1963 11¹5ch
525 1864 573 1929 Et
598 1865 628 1929 si
654 1866 771 1933 dictus
793 1864 996 1949 Capellanus
1015 1867 1173 1931 Cantarie
1192 1868 1344 1951 predicte
1367 1874 1429 1931 aut
1454 1888 1548 1933 succ.

262 1981 412 2043 ewritings
436 1988 461 2032 s.
478 1968 649 2032 voluerint
664 1969 698 2033 in
713 1969 818 2034 futur.
835 1972 960 2034 habere
974 1978 1167 2054 presentem
1182 1978 1314 2035 cartam
1329 1976 1547 2046 renouatam,

261 2049 412 2171 ffffidb,
436 2073 485 2136 de'
509 2094 599 2137 nouo
630 2074 805 2158 scriptam,
837 2081 872 2138 et
903 2075 945 2138 de
976 2097 1067 2140 nouo
1098 2075 1293 2161 sigillatam,
1325 2095 1388 2139 nos
1418 2075 1546 2172 prelat.

278 2172 283 2179 ’
435 2176 632 2260 Capitulum
670 2199 731 2263 pro
769 2180 867 2243 nobis
904 2186 938 2243 et
976 2201 1065 2244 succ.
1105 2202 1138 2245 n.
1177 2179 1395 2244 concedimus
1433 2179 1547 2244 eidem

434 2281 617 2365 Capellano
648 2282 807 2347 Cantarie
838 2283 990 2366 predicte
1020 2290 1055 2348 et
1085 2305 1174 2349 succ.
1207 2305 1233 2348 s,
1266 2304 1326 2367 per
1355 2288 1545 2366 presentes,

433 2385 526 2448 illam
548 2406 711 2449 renouare
732 2386 773 2449 de
794 2407 895 2461 nouo,
917 2387 1073 2463 scribere,
1095 2395 1129 2452 et
1151 2389 1193 2452 de
1213 2409 1304 2452 nouo
1325 2387 1483 2472 sigillare,
1506 2409 1546 2452 ac

432 2490 542 2554 eidem
572 2490 755 2574 Capellano
777 2492 945 2556 'Cantane
974 2493 1127 2577 predicte
1156 2500 1190 2557 et
1220 2515 1309 2558 succ.
1340 2514 1366 2558 s.
1397 2493 1546 2557 eandem

431 2595 617 2659 deliberare
664 2617 765 2679 super
812 2596 1010 2661 racionabili
1061 2598 1283 2682 requisicione
1329 2617 1390 2681 per
1428 2597 1546 2681 ipsum

432 2699 653 2783 Capellanum
670 2699 829 2764 Cantane
846 2701 998 2784 predicte
1014 2702 1068 2765 vel
1085 2722 1174 2767 succ.
1194 2723 1273 2767 suos
1290 2702 1388 2767 nobis
1406 2702 1545 2786 prefato

434 2805 593 2890 Capitulo
612 2811 673 2870 aut
692 2827 781 2871 succ.
802 2806 884 2870 n'ris
902 2806 981 2871 inde
1001 2806 1167 2871 facienda.

261 2943 408 3058 {pseffie
523 2945 564 3008 ln
593 2944 696 3009 cuius
718 2948 764 3012 rei
784 2954 862 3013 test.
881 2969 943 3012 nos
959 2949 1133 3032 prefatum
1155 2948 1352 3032 Capitulum
1371 2950 1432 3014 vni
1452 2952 1545 3035 parti

261 3078 419 3125 lentureare
433 3053 534 3118 huius
580 3054 680 3118 Carte
726 3053 905 3117 indentate
951 3074 1054 3136 penes
1099 3054 1273 3138 prelatum
1319 3054 1545 3138 Capellanum

261 3144 419 3274 ἐξέθξᾞὲ
434 3158 594 3222 Cantarie
617 3158 769 3241 predicte
794 3157 984 3221 remanenti
1008 3158 1068 3243 sig.
1094 3157 1206 3222 n'rum
1231 3178 1412 3222 commune
1436 3180 1545 3243 appo-

261 3278 419 3341 2Chap1ain
434 3263 574 3338 suim'uS,
592 3263 690 3327 alteri
711 3283 792 3325 vero
814 3262 904 3345 parti
926 3262 1027 3326 huius
1048 3268 1142 3326 carte
1161 3263 1339 3327 indentate
1355 3283 1460 3347 penes
1480 3285 1544 3328 nos

261 3345 404 3407 ²P⁰⁰fiv⁰¹l
434 3367 555 3450 prefat.
574 3367 630 3431 Ca.
649 3366 849 3440 remanenti,
867 3366 980 3429 dictus
996 3365 1198 3449 Capellanus
1214 3366 1373 3430 Cantaric
1388 3367 1544 3449 predicte

432 3471 528 3555 sigill.
549 3492 649 3535 suum
668 3471 840 3554 apposuit.

519 3613 599 3677 Dat.
634 3612 837 3677 duodecimo
869 3612 924 3675 die
955 3612 1082 3676 mensis
1114 3613 1292 3677 Decembr.
1325 3613 1427 3677 Anno
1459 3614 1542 3678 D’ni

431 3717 573 3781 Mill'mo
609 3717 947 3802 quadringentesimo
983 3716 1194 3801 sexagesimo
1230 3724 1338 3792 sexto,
1377 3724 1412 3781 et
1448 3739 1542 3783 anno

431 3822 523 3905 regni
544 3822 646 3905 Regis
666 3821 826 3885 Edwardi
845 3821 913 3905 iiijti
934 3828 1043 3886 sexto.

433 4000 519 4081 (355)
550 3998 773 4083 (Conceming
798 4000 856 4063 the
880 4005 981 4083 grant
1006 3999 1042 4062 ol
1066 4006 1124 4062 ten
1149 4000 1265 4063 marks
1289 3998 1342 4064 for
1365 4000 1541 4066 Sendale's

475 4104 654 4187 Chantry).

280 4274 355 4333 1406»
430 4290 521 4353 91v.
585 4273 760 4337 Omnibus
798 4273 843 4337 ad
883 4292 974 4353 qnos
1027 4292 1164 4356 presens
1212 4277 1308 4336 carta
1357 4272 1540 4339 indentata

261 4342 317 4387 Μ’
338 4352 380 4407 24·
430 4374 634 4459 peruenerit,
675 4374 860 4456 Johannes,
901 4376 997 4440 Prior
1034 4375 1244 4459 Monasterij,
1285 4376 1428 4453 DomuS,
1466 4380 1539 4443 siue

431 4480 607 4544 Prioratus
626 4479 743 4543 Sancti
763 4480 931 4562 Johannis
951 4479 1042 4563 Ap’li
1062 4485 1096 4543 et
1116 4480 1335 4564 Euangeliste
1352 4480 1394 4544 de
1414 4482 1538 4546 Ponte·

431 4584 540 4648 fracto
570 4588 605 4646 et
636 4582 787 4646 eiusdem
818 4583 882 4647 loci
913 4584 1122 4659 Conuentus‚
1154 4585 1310 4648 salutem.
1359 4584 1445 4649 Cum
1476 4608 1538 4651 nos

430 4686 584 4771 unanimi
598 4706 765 4749 consensu
779 4692 813 4749 et
829 4707 967 4751 assensu
982 4689 1108 4751 nostris
1123 4688 1365 4772 perscriptum
1380 4697 1536 4755 nostrum

264 4802 369 4932 pipp}
430 4793 649 4856 indentatum
668 4790 764 4853 cuius
783 4790 867 4855 data
885 4798 936 4855 est
956 4792 1147 4876 penultimo
1167 4794 1220 4857 die
1239 4794 1365 4863 mensis
1387 4793 1535 4859 Nouem-
