3950 5625
407 663 448 724 26
680 662 763 724 Tus
790 662 944 724 lucretur
971 661 1231 724 Msuuscnrnr.

407 849 452 898 11.
500 838 570 916 (23)
609 835 750 898 Nsussv.
812 835 938 914 (Grant
961 833 1000 898 of
1027 834 1107 897 land
1139 834 1207 897 and
1235 857 1255 896 a
1285 834 1358 898 neif
1385 846 1421 899 to
1453 835 1510 899 tbc

448 936 578 1002 eburch
596 938 641 1020 by
659 934 787 1000 Osbert
804 934 961 1015 Warde).

492 1086 668 1150 Omnibus
690 1099 807 1149 sancte
833 1085 951 1148 matris
975 1085 1118 1148 ecclesie
1142 1084 1234 1159 liliis,
1256 1098 1323 1148 tam
1344 1085 1511 1168 presenti-

406 1190 471 1251 bus
504 1207 609 1268 quam
650 1184 784 1260 futuris,
826 1184 869 1247 ad
908 1205 998 1266 quos
1038 1184 1132 1248 litere
1172 1185 1235 1248 iste
1275 1185 1507 1267 peruenerint‚

406 1285 576 1350 Osbertus
594 1283 737 1359 Warde,
757 1285 904 1347 salutem
924 1283 957 1345 in
982 1284 1148 1348 Domino
1198 1284 1325 1348 Sciatis
1351 1306 1406 1348 me
1429 1285 1507 1348 ded.

406 1399 439 1448 et
454 1406 550 1449 conc.
570 1397 603 1448 et
621 1383 685 1447 bae
701 1397 793 1447 carta
811 1405 887 1447 mea
904 1382 1008 1459 conf„
1029 1404 1202 1448 consensu
1227 1396 1260 1448 et
1283 1383 1511 1448 concessione

409 1483 529 1547 luonis
556 1481 669 1545 fratris
697 1495 729 1545 et
761 1483 897 1546 heredis
924 1486 1002 1563 mei,
1037 1487 1114 1550 Deo
1141 1500 1174 1550 et
1202 1490 1302 1551 beato
1329 1486 1446 1550 Wilfr.
1478 1502 1511 1551 et

406 1583 491 1648 Can.
541 1583 583 1647 de
631 1582 761 1664 Ripon’
809 1583 935 1647 ibidem
986 1585 1063 1650 Deo
1109 1586 1353 1661 seruientibus,
1403 1608 1508 1649 vnam

405 1686 567 1748 bouatam
586 1696 673 1746 terre
693 1703 771 1745 cum
792 1682 943 1764 quodam
965 1684 1051 1748 tofto
1075 1700 1108 1749 et
1131 1685 1250 1761 croft0‚
1270 1707 1384 1749 acram
1404 1707 1509 1748 vnam

405 1781 663 1846 continentibus
694 1781 737 1845 de
766 1781 873 1845 libero
901 1781 1005 1848 feudo
1038 1806 1125 1861 me0,
1158 1786 1250 1848 illam
1284 1785 1415 1850 scilicet
1442 1807 1511 1867 que

405 1881 468 1945 fuit
492 1903 560 1944 vna
584 1881 626 1944 de
650 1882 786 1945 duabus
811 1883 948 1947 bouatis
969 1905 1058 1965 quas
1083 1884 1255 1948 Ricardus
1281 1885 1386 1948 homo
1413 1906 1511 1949 meus

405 1982 514 2046 tenuit
530 1982 572 2046 de
591 2002 655 2055 me,
675 1993 708 2044 et
724 1980 871 2044 eundem
893 1981 1082 2046 Ricardum
1102 2004 1179 2047 cum
1202 1984 1297 2047 omni
1319 1997 1411 2048 secta
1432 2005 1508 2058 sua,
1539 2007 1541 2009 ·

404 2103 481 2146 cum
500 2103 594 2145 omn.
613 2080 828 2144 libertatibus
841 2080 883 2143 ad
900 2082 1086 2164 predictam
1102 2095 1225 2146 terram
1242 2084 1507 2166 pertinentibus

406 2182 438 2244 in
474 2203 593 2265 puram
620 2196 652 2245 et
677 2194 877 2263 perpetuam
904 2182 1144 2256 elemosinam,
1173 2204 1234 2265 pro
1258 2183 1369 2247 salute
1393 2183 1511 2248 anime

406 2303 480 2345 mee
496 2294 529 2346 et
547 2280 733 2344 animabus
755 2279 872 2344 vxoris
898 2302 972 2344 mee
996 2293 1030 2344 et
1052 2293 1310 2344 antecessorum
1338 2303 1508 2358 meorum,

404 2393 437 2444 et
454 2401 516 2464 pro
532 2379 742 2443 fraternitate
759 2379 902 2443 ecclesie
927 2381 1016 2443 beati
1039 2379 1195 2443 Wilfridi
1216 2381 1258 2444 ad
1282 2402 1371 2464 opus
1392 2403 1508 2445 mcum

359 2546 361 2552 ,
404 2492 437 2543 et
454 2479 570 2543 vxoris
589 2500 673 2542 mee.
726 2478 807 2541 Hiis
823 2479 980 2556 testibus,
1000 2493 1062 2542 etc.

426 2667 496 2746 (24)
538 2662 680 2726 NEUBY.
730 2663 856 2741 (Grant
877 2663 915 2726 ol
934 2686 954 2726 a
978 2663 1051 2728 neif
1072 2666 1116 2749 by
1141 2664 1299 2727 William
1326 2665 1485 2745 Warde).

491 2801 597 2866 Omn.
639 2824 666 2866 s.
710 2823 754 2864 m.
793 2802 874 2866 eccl.
918 2801 1010 2880 filiis,
1045 2816 1115 2866 tam
1156 2824 1244 2885 pres
1286 2824 1391 2884 quam
1432 2801 1508 2881 fut,

407 2902 609 2965 Willelmus
629 2901 771 2978 Warde,
791 2902 950 2966 salutem.
1011 2902 1155 2966 Nouerit
1171 2902 1380 2967 uniuersitas
1397 2916 1511 2967 vestra

406 3025 460 3067 me
485 3024 546 3087 pro
570 3025 619 3067 sa.
644 3001 761 3065 anime
786 3022 830 3063 m.
856 3013 889 3064 et
911 3002 1107 3064 animarum
1133 3014 1340 3066 antecessor.
1366 3024 1425 3079 m.,
1446 3002 1512 3066 hac

404 3117 497 3168 carta
515 3125 592 3167 mea
607 3102 762 3185 quietum
787 3103 956 3165 clamasse
978 3102 1056 3164 Deo
1075 3114 1108 3164 et
1132 3108 1164 3165 b.
1185 3101 1303 3165 Wilfr.
1323 3114 1356 3166 et
1372 3123 1447 3165 can.
1468 3102 1511 3166 dc

407 3204 504 3287 Rip.‚
534 3202 723 3266 Ricardum
754 3199 863 3263 filium
892 3199 1043 3278 Osberti‚
1072 3201 1248 3266 hominem
1276 3224 1403 3278 meum,
1430 3223 1509 3266 cum

404 3304 499 3368 omni
524 3316 617 3367 secta
640 3323 705 3366 sua
728 3314 761 3365 et
785 3300 923 3363 katallis
944 3301 1029 3377 suis,
1051 3301 1317 3383 imperpetuum,
1337 3302 1379 3365 de
1400 3323 1455 3365 me
1478 3314 1512 3365 et

406 3403 519 3468 hered.
542 3403 638 3467 meis
689 3400 816 3465 Sciatis
838 3400 946 3464 eciam
972 3421 1026 3464 me
1051 3400 1182 3465 iurasse
1206 3422 1321 3465 coram
1347 3400 1511 3484 Capitulo

404 3525 509 3587 super
530 3514 750 3567 sacrosancta
776 3500 973 3584 Euangelia
995 3522 1049 3565 me
1073 3500 1219 3565 fideliter
1243 3502 1333 3565 banc
1356 3501 1509 3584 quietam

404 3603 653 3668 clamucionem
672 3612 859 3665 tenturum.
912 3600 993 3663 Hiis
1010 3600 1167 3677 testibus,
1187 3613 1249 3664 etc.

405 3793 475 3872 (25)
523 3789 666 3851 Nuusr.
716 3786 875 3868 (Similar
898 3798 1003 3869 grant
1027 3789 1072 3869 by
1091 3786 1284 3850 Herbertus
1301 3784 1348 3848 fil.
1371 3785 1447 3850 Ric.
1468 3787 1511 3849 de

450 3890 602 3974 Neuby).

493 4025 679 4090 Vniuersis
707 4024 765 4108 xpi
794 4024 956 4088 fidelibus
983 4023 1026 4086 ad
1056 4045 1144 4105 quos
1173 4044 1315 4106 presens
1343 4023 1508 4105 scriptum

407 4127 613 4211 peruenerit,
657 4126 850 4189 Herbertus
885 4122 931 4185 fil.
974 4123 1049 4186 Ric.
1088 4124 1131 4186 de
1169 4123 1305 4206 Neuby,
1347 4123 1507 4186 salutem.

408 4226 553 4290 Nouerit
578 4224 785 4288 vniversitas
814 4237 927 4287 vestra
959 4244 1013 4286 me
1044 4223 1258 4287 concessisse
1289 4237 1322 4286 et
1353 4222 1508 4303 quietum

405 4328 575 4392 clamasse
614 4340 646 4389 et
685 4322 931 4387 manumisisse
972 4322 1049 4386 Deo
1083 4336 1116 4386 et
1147 4325 1178 4386 b.
1216 4322 1332 4385 Willr.
1367 4336 1400 4385 et
1429 4344 1506 4386 can.

405 4427 560 4492 eiusdem
578 4426 621 4489 de
644 4424 741 4507 Rip.‚
765 4422 953 4486 Ricardum
975 4420 1022 4484 fil.
1044 4422 1189 4486 Galfridi
1213 4423 1254 4485 de
1281 4422 1405 4506 Neuby
1429 4442 1507 4484 cum

405 4541 476 4592 tota
499 4526 642 4609 sequela
665 4546 739 4601 sua,
761 4524 866 4587 libere
888 4536 920 4586 et
943 4522 1058 4603 quiete
1082 4523 1124 4585 de
1149 4544 1203 4585 me
1226 4534 1260 4585 et
1284 4522 1435 4585 lteredib.
1460 4542 1505 4583 m.

406 4629 673 4712 imperpetuum.
716 4625 764 4687 Vt
779 4637 893 4686 autem
913 4624 975 4686 bec
992 4622 1109 4703 quieta
1124 4622 1317 4685 clamanc-ia
1332 4644 1352 4684 a
1371 4619 1509 4685 nemine

406 4731 440 4793 in
468 4728 615 4813 posteris
643 4726 858 4809 temporibus
887 4722 997 4806 possit
1022 4721 1176 4806 infringi,
1204 4743 1286 4785 eam
1305 4721 1414 4807 sigilli
1441 4721 1507 4784 mei
