3950 5625
462 745 525 809 252
750 729 829 794 Tne
854 718 1011 797 Inonni
1034 733 1283 800 Maxuscmrr.

461 907 587 991 quibus
614 907 656 970 de
684 908 773 972 festo
799 910 1060 987 celebrauerint‚
1087 914 1290 978 memoriam
1316 921 1353 978 et
1379 916 1562 980 oracionem

461 1011 643 1095 specialem
657 1012 692 1076 in
706 1013 818 1076 missis
830 1014 902 1079 suis
915 1036 978 1099 pro
991 1016 1103 1080 salute
1116 1023 1152 1080 et
1165 1023 1262 1082 statu
1275 1018 1407 1084 salubri
1420 1021 1564 1085 omniun

462 1115 694 1199 predictomm
721 1116 805 1181 dum
824 1117 974 1184 vixerint
994 1126 1029 1184 et
1052 1120 1234 1185 animabus
1252 1122 1443 1188 eorrmdem
1468 1144 1566 1209 quun

461 1220 507 1283 ab
528 1220 592 1284 bac
612 1219 686 1284 luce
706 1220 930 1306 migrauerint
951 1224 1081 1288 iaciant
1101 1225 1275 1308 speciales,
1322 1227 1371 1290 Et
1390 1228 1429 1292 in
1449 1235 1568 1293 euentu

460 1345 531 1408 quo
573 1325 753 1409 contingat
799 1327 894 1410 quod
940 1328 1145 1412 Capelianus
1191 1331 1389 1396 huiusmodi
1434 1339 1568 1418 propter

461 1435 591 1492 etatem
611 1428 822 1513 decrepitam
841 1438 903 1495 aut
923 1431 1105 1497 aduersam
1123 1433 1361 1499 valetudinem
1379 1457 1443 1501 seu
1457 1458 1570 1502 casum

460 1534 566 1598 alium
589 1533 758 1598 celebrare
781 1555 849 1599 non
872 1536 1000 1612 valeat,
1023 1537 1118 1602 dicat
1140 1544 1224 1602 tunc
1245 1539 1373 1603 cotidie
1395 1541 1425 1605 si
1439 1541 1571 1626 poterit

460 1644 593 1721 septem
613 1638 764 1722 psalmos
783 1640 1027 1723 penitenciales
1045 1663 1125 1707 cum
1144 1643 1273 1707 letania
1292 1665 1333 1708 ac
1351 1647 1572 1710 commenda-

460 1743 567 1818 cione,
582 1749 617 1806 et
629 1742 811 1808 seruicium
824 1764 886 1828 pro
899 1746 1082 1811 animabus
1094 1754 1310 1812 mortuorum
1322 1750 1572 1833 supradictum.

265 1958 424 2020 n'arranty‚
549 1939 641 2003 Volo
667 1939 814 2018 insuper
835 1945 870 2003 et
894 1939 1046 2004 concedo
1066 1959 1129 2023 pro
1148 1960 1202 2004 me
1221 1947 1256 2004 et
1275 1941 1461 2006 heredibus
1480 1943 1573 2018 meis,

460 2045 554 2129 quod
568 2066 630 2129 ego
643 2051 678 2108 et
693 2044 832 2109 heredes
846 2044 913 2108 mei
927 2043 1072 2128 predicti
1087 2045 1300 2129 mesuagium
1314 2045 1350 2109 in
1364 2045 1573 2122 Clotherom,

460 2156 529 2213 tres
548 2169 644 2214 acras
663 2148 765 2233 prati,
786 2149 967 2234 sexaginta
986 2154 1021 2212 et
1040 2148 1213 2213 sexdecim
1231 2149 1398 2214 solidatas
1418 2151 1573 2216 redditus

458 2275 537 2319 cum
561 2255 684 2338 pertin.
710 2254 745 2318 in
768 2253 858 2317 villis
882 2252 924 2316 de
948 2252 1145 2317 Clotherom
1168 2259 1203 2317 et
1228 2253 1354 2337 Ripon'
1378 2254 1422 2318 de
1445 2256 1573 2340 quibus

459 2358 674 2443 premittitur
687 2358 842 2442 predicto
857 2357 939 2422 d’no
954 2357 1106 2422 Will'mo
1121 2357 1307 2441 Capellano
1322 2364 1357 2422 et
1372 2360 1573 2425 successori-

316 2467 374 2515 Tne
459 2464 524 2528 bus
542 2463 612 2527 suis
630 2462 822 2546 Capellanis
840 2469 962 2526 contra
980 2482 1099 2526 omnes
1117 2468 1236 2546 gentes
1254 2463 1569 2540 warantizabimus,

261 2535 435 2649 iffigfflm
460 2567 771 2643 manutenebimus,
800 2573 835 2631 et
863 2566 1119 2650 imperpetuum
1146 2566 1381 2642 defendemus,
1410 2589 1452 2632 ac
1479 2568 1572 2633 dicta

261 2668 445 2784 &gram
460 2672 635 2757 mesuagia
661 2677 696 2736 et
725 2671 889 2747 redditus
919 2691 1052 2736 necnon
1080 2670 1211 2735 dictam
1239 2671 1426 2755 Capellam,
1455 2672 1570 2748 libros,

278 2800 407 2866 chauny,
459 2777 590 2853 calices
628 2782 663 2841 et
699 2776 918 2852 vestimenta,
955 2795 1092 2860 panem,
1130 2774 1262 2851 vinum,
1298 2775 1495 2853 luminaria,
1532 2799 1572 2842 ac

456 2888 570 2947 cetera
615 2887 819 2946 ornamenta
864 2901 1081 2965 quecumque
1127 2880 1172 2944 ad
1218 2879 1349 2945 dictam
1395 2880 1571 2965 Capellam

456 2985 653 3070 spectancia
686 2985 899 3049 inueniemus
932 2990 967 3048 et
1001 2984 1109 3048 eciam
1140 2984 1425 3059 sustentabimus,
1450 2992 1487 3049 et
1519 3006 1569 3061 ea,

456 3111 619 3176 quociens
640 3110 674 3153 in
697 3095 773 3153 toto
794 3088 848 3153 vel
870 3089 904 3152 in
926 3094 1026 3173 parte
1046 3088 1305 3153 construccione
1326 3089 1521 3153 reieccione‘
1536 3096 1571 3154 et

457 3194 675 3279 reparacione
710 3194 745 3258 in
779 3199 984 3277 coopertura
1017 3213 1077 3256 seu
1111 3192 1179 3256 alio
1212 3192 1317 3257 modo
1350 3214 1571 3279 quocumque

261 3289 427 3338 inventories
457 3298 675 3384 indiguerint,
702 3297 876 3362 emendari
895 3297 1060 3361 faciemus
1079 3302 1114 3360 et
1133 3296 1241 3360 eciam
1261 3297 1423 3381 reparari,
1441 3298 1569 3363 nostris

261 3371 283 3406 o
302 3357 337 3405 be
354 3355 429 3419 kept.
580 3402 586 3413 ,
871 3402 877 3413 ,

457 3403 656 3487 sumptibus
681 3408 716 3466 et
740 3422 907 3486 expensis.

547 3596 600 3659 De
637 3593 768 3673 quibus
788 3592 929 3677 quidem
948 3592 1161 3657 ornamentis
1180 3592 1225 3656 ad
1244 3592 1375 3656 dictam
1392 3592 1567 3677 Capellam

456 3700 705 3786 spectantibus,
733 3697 812 3762 volo
838 3703 873 3761 et
901 3697 1022 3762 ordino
1053 3696 1147 3780 quod
1178 3696 1324 3781 quilibet
1361 3696 1567 3781 Capellanus

456 3804 515 3890 qui
538 3824 600 3888 pro
625 3810 779 3887 tempore
803 3801 906 3866 tuerit
930 3801 964 3865 in
988 3800 1083 3865 dicta
1106 3800 1254 3885 Capella,
1274 3806 1357 3864 ante
1374 3800 1565 3877 decessum,

456 3908 654 3983 cessionem,
699 3927 759 3970 seu
803 3906 1016 3969 amocionem
1064 3925 1174 3980 suam,
1219 3904 1380 3969 conficiat
1430 3905 1565 3969 fidelem

457 4013 687 4085 indenturam,
713 4010 809 4074 cuius
832 4030 902 4073 vna
925 4030 1005 4093 pars
1028 4028 1132 4093 penes
1155 4029 1210 4072 me
1234 4015 1269 4072 et
1292 4008 1434 4072 heredes
1459 4030 1563 4084 meos,

261 4129 315 4179 rho
336 4129 424 4192 ‹inq›-
458 4124 492 4182 et
510 4117 577 4181 alia
593 4136 697 4200 penes
714 4115 871 4179 futurum
888 4114 1104 4197 capellanum
1122 4118 1298 4177 remaneat
1315 4113 1562 4178 conseruanda.

261 4196 331 4245 ain's
353 4195 429 4245 ⁰³⁰¹·
457 4222 544 4286 Volo
584 4221 722 4304 insuper
761 4225 796 4282 et
837 4218 957 4282 ordino
994 4238 1054 4302 per
1087 4223 1261 4301 presentes
1293 4216 1387 4300 quod
1417 4218 1563 4301 quilibet

456 4325 659 4411 Capellanus
704 4324 738 4387 in
783 4322 877 4387 dicta
921 4323 1077 4387 cantaria
1128 4320 1361 4385 instituendus
1408 4326 1561 4405 tempore

453 4428 684 4496 institucionis
717 4448 777 4491 sue
811 4426 1008 4491 huiusmodi
1043 4426 1087 4490 ad
1121 4431 1242 4489 sancta
1276 4425 1340 4487 Dei
1375 4424 1561 4509 Euangelia

452 4536 684 4600 iuramentum
703 4537 854 4616 prestet¹
876 4531 1050 4615 corporale
1070 4529 1163 4614 quod
1183 4528 1298 4592 omnia
1317 4534 1352 4592 et
1372 4528 1505 4613 singula
1527 4528 1560 4591 in

451 4638 601 4724 presenti
620 4636 837 4702 ordinacione
856 4656 933 4699 mea
951 4640 1117 4699 contenta
1135 4632 1281 4697 fideliter
1298 4632 1507 4706 obseruabit,
1526 4636 1559 4694 et

523 4848 530 4872 ¹
550 4842 607 4892 MS.
622 4840 672 4891 has
687 4846 701 4863 ‘¹
713 4836 849 4904 prestat.''
