3950 5625
787 718 881 784 Acrs
905 736 949 782 or
973 719 1151 782 Cimbrica.
1461 732 1523 798 127

417 900 542 964 diuinis
555 899 683 974 officiis,
698 899 882 973 cantando
897 897 1165 972 salmodizando,
1180 903 1214 960 et
1228 904 1353 961 cuncta
1368 894 1523 959 faciendo

416 1025 483 1088 que
511 1004 556 1068 ad
584 1024 662 1071 eum
691 1010 858 1086 tanquam
887 1003 931 1066 ad
959 1002 1126 1066 vicarium
1153 1002 1246 1066 chori
1275 1001 1459 1085 pertinent,
1489 1007 1522 1063 et

417 1116 519 1193 prout
547 1110 591 1173 ad
618 1110 680 1172 hec
708 1114 845 1172 tenetur
871 1114 905 1171 et
933 1106 1134 1190 astringitur
1160 1106 1298 1170 vinculo
1324 1104 1520 1189 juramenti.

417 1213 505 1278 Acta
527 1220 609 1277 sunt
631 1214 694 1276 hec
716 1212 770 1275 die
793 1218 827 1275 et
851 1232 941 1276 anno
965 1211 1045 1274 D’ni
1068 1210 1284 1294 supradictis,
1309 1209 1523 1294 presentibus

419 1317 506 1381 d’nis
519 1318 625 1397 *Joh’e
644 1318 685 1381 de
705 1318 799 1381 Deen
819 1323 853 1380 et
872 1316 972 1396 Joh'e
993 1315 1157 1380 Redenes

423 1498 507 1581 (204)
549 1497 710 1561 Mourcro
749 1513 860 1560 ruera
899 1496 987 1559 u’no
1025 1496 1124 1578 Jou’1
1164 1496 1242 1559 Etr
1280 1495 1334 1558 ιη’
1375 1495 1524 1558 Merum

464 1618 692 1666 uuucurnro.

508 1742 548 1806 In
569 1742 632 1805 Dei
654 1742 801 1816 nomine,
823 1741 942 1805 Amen.
992 1739 1072 1815 Nos,
1095 1741 1239 1805 Will'ms
1259 1741 1394 1815 Cawod,
1417 1740 1524 1804 Cano·

423 1847 515 1911 nicus
529 1846 666 1910 ecclesie
681 1846 864 1931 Collegiate
879 1845 1004 1930 Ripon’
1021 1866 1060 1909 ae
1075 1846 1330 1910 residenciarius
1344 1847 1379 1910 in
1393 1845 1524 1919 eadem,

423 1951 494 2015 vice
518 1957 552 2015 et
577 1951 785 2015 auctoritate
809 1950 958 2034 Capituli
983 1956 1018 2013 et
1043 1950 1084 2014 de
1108 1951 1362 2015 communicato
1386 1950 1526 2014 consilio

424 2061 456 2118 et
475 2075 614 2119 assensu
633 2054 814 2118 confratris
832 2055 898 2118 mei
918 2054 1117 2129 assedentis,
1139 2055 1209 2119 d'ni
1229 2055 1339 2137 Joh'is
1358 2055 1400 2118 de
1419 2056 1525 2130 Deen,

424 2165 457 2221 te
478 2158 614 2240 Joh'em
638 2159 714 2241 Ely,
738 2158 904 2221 vicarium
927 2157 1028 2223 huius
1050 2160 1197 2235 ecclesie,
1222 2161 1342 2243 primo
1366 2160 1526 2234 secund0,

424 2269 457 2327 et
487 2264 592 2327 tercio
622 2283 800 2327 monemus
831 2269 865 2325 et
895 2264 930 2326 in
960 2265 1091 2328 virtute
1120 2272 1238 2329 sancte
1269 2266 1464 2329 obediencie
1494 2271 1528 2328 et

424 2368 605 2432 iuramenti
626 2368 678 2431 tui
700 2369 734 2430 in
757 2368 961 2432 admissione
985 2377 1046 2433 tua
1068 2371 1212 2452 prestiti,
1236 2370 1299 2433 tibi
1322 2371 1530 2455 iniungimus

424 2478 457 2536 et
491 2472 706 2546 mandamus,
740 2479 779 2536 vt
815 2472 949 2536 firmam
984 2473 1156 2556 prebende
1191 2473 1232 2536 de
1268 2475 1458 2538 Mounkton
1495 2482 1529 2538 et

424 2597 676 2661 quamcumque
709 2577 822 2651 aliam,
857 2598 990 2641 necnon
1023 2577 1172 2641 officium
1206 2579 1435 2661 procuratoris
1468 2600 1530 2663 pro

425 2681 591 2746 fructibus
606 2687 640 2745 et
656 2682 881 2765 prouentibus
895 2682 1047 2746 eiusdem
1062 2681 1116 2745 vel
1132 2682 1271 2746 alterius
1285 2683 1530 2767 cuiuscumque

424 2785 619 2871 colligendis
641 2786 780 2850 omnino
803 2785 959 2850 dimittas
982 2792 1016 2849 et
1039 2786 1225 2862 renuncies,
1250 2794 1283 2851 et
1306 2790 1411 2852 verbo
1434 2810 1527 2874 pure,

424 2897 554 2974 sponte,
587 2897 622 2953 et
653 2891 819 2965 absolute,
852 2891 941 2955 infra
971 2890 1057 2955 duos
1087 2912 1230 2966 menses,
1262 2902 1363 2977 prout
1395 2902 1530 2959 statuta

424 2996 559 3060 ecclesie
576 3002 692 3059 nostre
709 2996 850 3080 exigunt
868 3003 902 3058 et
921 2997 1110 3079 requirunt,
1129 3002 1163 3060 et
1182 2998 1245 3061 hoc
1263 3000 1327 3062 sub
1344 3020 1432 3083 pena
1449 3001 1531 3065 iuris

424 3121 489 3184 que
509 3100 678 3164 incumbit
698 3100 732 3163 in
752 3101 815 3163 hac
835 3106 942 3183 parte.

509 3267 536 3329 F
538 3272 615 3331 acte
634 3271 731 3330 erant
751 3266 959 3330 moniciones
978 3274 1012 3330 et
1032 3267 1262 3331 iniuncciones
1281 3271 1476 3352 supradicte
1496 3273 1529 3335 in

424 3370 525 3434 domo
551 3370 733 3453 capitulari
761 3370 884 3453 Ripon'
913 3370 1046 3435 decimo
1072 3372 1125 3435 die
1152 3374 1277 3436 mensis
1303 3374 1411 3459 Junij‚
1440 3398 1530 3440 anno

424 3474 561 3538 Domini
586 3474 764 3537 Millesimo
788 3489 887 3538 ecc¹¹¹0
910 3474 1052 3550 decimo
1086 3478 1300 3560 presentibus
1325 3479 1405 3544 d'no
1430 3481 1530 3563 Joh'e

424 3579 527 3655 Deen,
545 3579 717 3643 Canonico
733 3587 767 3643 et
784 3580 1009 3663 prebendario
1026 3582 1197 3665 prebende
1214 3582 1255 3646 de
1272 3584 1528 3672 Staynwygges,

423 3691 456 3748 et
477 3685 566 3748 d'nis
590 3684 718 3747 Rob’to
742 3684 867 3748 Merott
890 3692 924 3748 et
947 3686 1048 3768 Joh'e
1070 3687 1198 3762 Thum,
1222 3690 1360 3773 vicarijs
1382 3693 1529 3768 ecclesie,

424 3790 569 3853 testibus
588 3788 632 3851 ad
652 3790 816 3871 premissa
836 3791 968 3853 vocatis
988 3798 1022 3855 et
1042 3793 1179 3876 rogatis.

911 3957 1050 4040 (rum),

423 4102 470 4179 56.
520 4095 607 4178 (205)
650 4097 829 4163 Auuissro
869 4117 918 4162 AD
960 4118 1183 4166 Pnuuuunuu
1224 4121 1419 4170 vncnurnu
1463 4126 1530 4172 run

465 4216 626 4275 MORTEM,
665 4208 728 4266 etc.

400 4345 406 4351 “
509 4341 706 4425 Capitulum
732 4344 869 4408 ecclesie
895 4345 1072 4429 collegiate
1098 4347 1191 4411 beati
1217 4349 1364 4414 Wiliridi
1392 4352 1527 4436 Rypon'

423 4444 611 4510 honorabili
638 4448 711 4510 viro
738 4447 819 4511 d'no
845 4447 938 4529 Joh’i
965 4448 1007 4511 de
1034 4450 1072 4512 B.
1101 4450 1295 4534 Capellano,
1322 4456 1468 4521 salutem
1495 4461 1529 4524 in

424 4547 559 4614 sinceris
582 4552 798 4635 amplexibus
822 4551 1020 4615 Saluatoris
1068 4552 1122 4615 Ad
1146 4554 1394 4622 Canonicatum
1418 4562 1530 4626 eccl'ie

424 4659 537 4717 nostre
553 4654 688 4738 Rypon'
705 4661 740 4719 et
754 4654 967 4739 prebendum
982 4653 1025 4716 de
1041 4706 1047 4717 .
1066 4705 1071 4717 .
1091 4668 1112 4717 .¹
1128 4656 1162 4719 in
1177 4658 1296 4724 eadem
1311 4682 1371 4745 per
1385 4671 1531 4732 mortem

495 4819 502 4841 ¹
522 4816 599 4882 'Edge
612 4817 641 4864 ot
654 4817 709 4865 leat
721 4817 920 4865 mouse-eateu.
