3950 5625
404 715 467 783 208
686 719 766 784 Tur
791 719 946 784 qunav
970 720 1218 786 quuscnmr.

406 897 492 980 (295)
523 896 606 978 (The
633 899 824 963 Executors
852 899 888 963 oi
918 899 1012 982 John
1043 899 1178 964 Norton
1210 900 1291 964 take
1322 898 1517 982 possession

447 1001 482 1066 of
506 1002 564 1065 the
588 1003 708 1086 profits
732 1003 767 1067 of
791 1004 850 1067 the
873 1003 1025 1088 prebend
1050 1005 1085 1068 oi
1108 1003 1322 1086 Givendale).

492 1145 581 1209 Item
602 1151 701 1209 sexto
722 1146 776 1209 die
797 1147 922 1212 mensis
944 1147 1119 1230 Februarij
1143 1147 1245 1211 Anno
1266 1146 1346 1210 D’ni
1369 1146 1517 1211 Mill’mo

261 1219 273 1248 Ρ
296 1241 301 1251 ’
325 1222 341 1251 ›.
402 1259 516 1313 ccccmo
538 1249 708 1314 tricesimo
729 1250 863 1334 quinto,
885 1251 1022 1315 discreti
1041 1251 1106 1314 viri
1127 1251 1199 1316 Ric.
1222 1250 1356 1315 Norton
1379 1257 1415 1314 et
1437 1251 1518 1315 d'ns

402 1353 520 1437 Joh'es
571 1354 747 1429 Shirbum,
800 1354 1007 1439 capellanus,
1060 1362 1258 1420 executores
1309 1355 1517 1420 testamenti
1602 1399 1607 1409 ·

401 1457 604 1522 venerabilis
638 1458 701 1522 viri
736 1458 855 1543 Mag'ri
889 1460 1000 1542 Joh’is
1033 1459 1178 1534 Norton,
1213 1479 1322 1542 nuper
1353 1460 1515 1523 canonici

402 1561 550 1626 Ecclesie
583 1562 759 1646 collegiate
793 1563 886 1627 beati
920 1563 1013 1627 Petri
1048 1563 1184 1648 Ripon’,
1218 1584 1258 1627 ac
1291 1563 1513 1646 prebendarij

401 1666 572 1749 prebende
594 1667 636 1731 de
658 1666 858 1749 Gyvendale
881 1667 915 1730 in
938 1668 1069 1741 eadem,
1092 1667 1257 1742 defuncti,
1281 1666 1370 1731 infra
1392 1667 1517 1732 decem

400 1770 472 1834 dies
500 1791 520 1833 a
549 1777 702 1853 tempore
730 1771 946 1855 migracionis
974 1771 1057 1836 dicti
1086 1771 1205 1855 Mag'ri
1233 1770 1344 1853 Joh’is
1372 1772 1418 1834 ab
1447 1772 1516 1835 hac

400 1875 474 1939 luce
524 1875 685 1939 continue
735 1875 965 1940 numerandos
1015 1881 1055 1939 vt
1105 1881 1323 1940 asseruerunt
1373 1876 1513 1940 notorie

401 1980 598 2050 existentes,
625 1979 725 2043 iuxta
751 1985 785 2043 et
811 1980 999 2044 secundum
1025 1980 1097 2043 vim
1122 1979 1279 2054 formam,
1307 2000 1346 2043 ac
1373 2000 1515 2045 ornnem

400 2090 434 2147 et
452 2084 687 2148 omnimodum
704 2084 865 2148 effectum
878 2083 1028 2167 Capituli
1044 2083 1196 2168 Suscepti
1211 2082 1406 2166 regiminis1
1425 2083 1514 2149 editi

400 2188 434 2252 in
454 2188 518 2252 hoc
537 2208 629 2263 casu,
650 2188 877 2273 omnibusque
897 2188 963 2271 vijs
983 2194 1018 2251 et
1037 2188 1148 2252 modis
1166 2187 1363 2253 melioribus
1382 2189 1514 2273 quibus

400 2298 587 2375 potuerunt
607 2298 642 2356 et
662 2292 854 2357 debuemnt
874 2293 916 2356 de
936 2292 1018 2367 iure,
1040 2291 1227 2376 priuilegio,
1248 2293 1511 2368 consuetudine,

400 2396 454 2460 vel
479 2403 613 2461 statuto
638 2397 728 2460 dicte
753 2395 890 2460 ecclesie
915 2395 1098 2480 Collegiate
1125 2396 1261 2479 Ripon',
1287 2395 1426 2459 nomine
1452 2417 1513 2460 ex-

399 2501 546 2564 ecutoris
564 2500 647 2565 dicti
665 2500 785 2584 mag’ri
804 2500 914 2582 Joh'is
931 2500 1097 2576 defuncti,
1116 2506 1151 2564 et
1169 2503 1241 2583 pro'
1248 2500 1323 2584 ipso
1341 2506 1512 2583 optarunt

400 2610 434 2669 et
470 2604 643 2689 elegerunt
676 2604 808 2668 fructus
840 2611 875 2668 et
909 2610 1098 2687 prouentus
1130 2604 1222 2668 dicte
1257 2604 1429 2688 prebende
1467 2605 1511 2669 de

400 2708 599 2792 Gyvendale
622 2730 701 2773 curn
724 2709 793 2772 suis
817 2709 947 2772 iuribus
966 2714 1001 2772 et
1021 2709 1143 2793 pertin.
1162 2708 1338 2773 vniuersis
1386 2709 1433 2772 Et
1459 2709 1511 2774 in-

399 2834 500 2897 super
521 2816 805 2897 protestabantur
825 2820 1023 2878 executores
1045 2814 1189 2897 predicti
1210 2814 1336 2897 palam,
1359 2814 1509 2896 publice,

400 2924 434 2982 et
456 2938 623 3001 expresse,
647 2938 682 2982 se
704 2918 790 2982 velle
812 2924 847 2981 et
870 2924 1010 3001 paratos
1032 2938 1104 2982 esse
1126 2918 1248 2982 debere
1271 2917 1450 3001 opcionem
1473 2925 1510 2983 et

400 3022 601 3087 eleccionem
626 3043 705 3086 suas
729 3022 924 3086 huiusmodi
948 3023 1152 3106 cuicumque
1176 3022 1294 3086 futuro
1317 3021 1410 3085 dicte
1433 3043 1511 3105 pre-

399 3128 509 3191 bende
543 3127 767 3209 prebendario
801 3126 959 3190 intimare
993 3133 1028 3190 et
1061 3126 1237 3190 notificare
1269 3146 1331 3209 pro
1364 3125 1440 3189 loco
1473 3133 1510 3190 et

400 3238 553 3314 tempore
571 3231 759 3315 oportunis.
807 3230 896 3295 Acta
913 3230 1053 3295 fuerunt
1071 3231 1133 3294 hec
1150 3230 1185 3294 in
1203 3230 1307 3294 domo
1324 3229 1510 3313 capitulari

399 3337 489 3401 dicte
522 3336 600 3400 eccl.
635 3335 818 3419 Collegiate
852 3335 976 3418 Ripon’
1011 3335 1066 3399 die
1098 3339 1132 3398 et
1165 3355 1257 3398 anno
1288 3334 1508 3417 supradictis

399 3440 614 3524 presentibus
649 3439 715 3523 hijs
751 3439 907 3513 testibus,
944 3439 1026 3503 d’no
1061 3438 1161 3522 Joh'e
1197 3439 1389 3521 Frankysh,
1426 3438 1511 3502 d’no

400 3544 554 3608 Roberto
573 3542 761 3626 Percyuall,
782 3548 816 3606 et
836 3542 921 3625 alijs

402 3711 489 3795 (296)
526 3710 616 3794 (Will
636 3709 671 3773 of
695 3710 826 3774 Robert
849 3710 1014 3786 Allerton,
1040 3709 1157 3774 Canon
1181 3710 1217 3773 oi
1241 3709 1355 3793 Ripon
1379 3709 1449 3774 and
1473 3712 1510 3775 oi
1538 3750 1542 3756 -

442 3813 608 3897 Lincoln).

488 3957 528 4021 In
568 3956 631 4020 Dei
670 3956 817 4031 nomine,
857 3955 977 4020 Amen.
1026 3956 1194 4020 Vicesimo
1233 3956 1287 4020 die
1326 3956 1503 4042 Februarij

398 4062 499 4125 Anno
516 4061 596 4125 D'ni
613 4061 754 4123 Mill'mo
770 4070 883 4124 ccccm⁰
900 4060 1045 4143 xxxvj¹⁰,
1062 4060 1136 4144 Ego
1153 4060 1325 4124 Robertus
1340 4060 1507 4136 Allerton,

398 4187 480 4230 sane
500 4166 662 4230 memorie
683 4185 767 4239 mee,
789 4164 910 4228 videns
930 4164 1186 4249 quamplurima
1206 4164 1315 4228 indies
1335 4170 1370 4228 et
1390 4165 1507 4230 subita

397 4270 518 4334 mortis
545 4269 694 4353 pericula
721 4268 878 4343 eminere,
906 4274 941 4331 et
967 4289 1034 4353 que
1061 4268 1104 4331 de
1131 4274 1222 4332 terra
1249 4274 1325 4332 orta
1351 4274 1433 4332 sunt
1460 4269 1505 4333 ad

397 4373 559 4438 vltimum
580 4373 615 4436 in
637 4379 764 4437 terram
785 4377 1041 4447 conuertentur,
1064 4372 1108 4436 ob
1130 4372 1242 4435 anime
1263 4392 1337 4435 mee
1358 4372 1506 4437 salutem

396 4485 431 4542 et
445 4477 610 4563 gaudium
625 4477 747 4541 celeste
762 4475 999 4559 ampliandum
1014 4475 1049 4539 in
1064 4475 1182 4539 futuro
1197 4475 1321 4551 seculo,
1338 4476 1506 4540 affectans

468 4663 474 4685 ¹
494 4656 554 4704 One
568 4655 596 4703 oi
610 4656 657 4703 the
672 4655 888 4717 Extrauagantes
900 4654 1019 4715 relating
1029 4657 1059 4700 to
1069 4653 1117 4701 the
1130 4652 1250 4715 disposal
1265 4652 1295 4700 oi
1308 4654 1356 4700 the
1370 4654 1504 4716 proceeds

394 4736 424 4785 ol
438 4740 541 4785 vacant
555 4734 698 4783 benefiees.
739 4734 826 4796 Rr'pon
843 4733 957 4795 Chapter
971 4732 1043 4787 Acts,
1060 4734 1149 4786 zeon„
1164 4732 1219 4779 and
1233 4746 1278 4778 see
1291 4732 1389 4787 above,
1403 4747 1429 4795 p.
1445 4734 1503 4791 189,

394 4820 459 4865 note
474 4829 498 4864 2.
