3950 5625
426 736 468 804 74
715 716 794 789 Tun
819 724 976 790 Iuonur
1000 723 1247 790 Munuscnrer.

422 899 492 976 1311,
516 922 583 985 que
606 903 786 969 ambulant
810 925 912 988 super
934 904 1179 970 Sedmerholm.
1228 905 1274 968 Et
1297 904 1332 968 in
1355 903 1532 968 occidente
1573 984 1575 989 Ι

421 1004 463 1068 de
491 1005 672 1072 Pikcchow
698 1029 768 1072 vna
794 1008 879 1074 roda
905 1014 940 1072 et
967 1008 1013 1073 di.
1042 1014 1077 1072 et
1104 1007 1138 1091 xj
1169 1008 1229 1072 fall
1256 1013 1290 1071 et
1317 1008 1362 1073 di.
1424 1008 1471 1072 Et
1497 1007 1533 1071 in

420 1109 596 1174 occidente
614 1111 669 1175 vie
691 1111 742 1194 (34
762 1115 806 1194 v.)
828 1113 1003 1178 tendentis
1024 1133 1133 1196 vsque
1152 1112 1196 1177 ad
1214 1112 1341 1196 Thorp,
1360 1133 1431 1177 vna
1449 1111 1534 1176 roda

419 1218 570 1296 quatuor
592 1215 652 1280 fall
674 1216 787 1281 minus
810 1223 844 1281 et
867 1239 936 1283 vna
959 1218 1044 1282 roda
1066 1223 1101 1280 et
1123 1239 1146 1281 x
1169 1217 1228 1282 1311
1250 1237 1318 1301 que
1340 1217 1533 1282 abbuttant

418 1338 521 1402 super
542 1320 672 1385 curiam
694 1320 782 1386 Rad.
807 1322 849 1387 de
871 1322 998 1406 Thorp,
1021 1328 1056 1386 et
1078 1321 1206 1386 ibidem
1228 1343 1249 1387 a
1270 1321 1329 1386 via
1350 1321 1392 1385 de
1414 1320 1532 1404 Thorp

418 1442 536 1488 versus
558 1423 759 1507 Grymkilne
780 1425 790 1508 j
816 1426 888 1490 rod.
912 1425 991 1510 iiij0r
1015 1426 1221 1503 fallaminus
1284 1426 1331 1490 Et
1352 1424 1362 1508 j
1388 1424 1474 1489 roda
1496 1430 1531 1488 et

418 1526 535 1592 dimid.
562 1549 629 1612 que
653 1530 829 1613 protendit
857 1551 975 1595 versus
1003 1530 1152 1595 croitum
1177 1529 1268 1614 Hug’
1294 1529 1339 1593 fil.
1367 1528 1459 1613 Hug’
1486 1528 1529 1592 de

417 1630 542 1715 Thorp.
591 1633 637 1696 Et
659 1634 752 1718 apud
773 1634 1019 1719 Wythepottes
1040 1635 1075 1699 in
1097 1655 1166 1699 vno
1187 1634 1262 1698 loco
1283 1633 1293 1717 j
1319 1633 1403 1698 roda
1424 1639 1459 1696 et
1482 1654 1530 1696 xv

417 1734 486 1800 fall.
536 1737 625 1801 Item
655 1738 783 1802 ibidem
813 1760 931 1803 versus
962 1744 1119 1804 austrum
1149 1738 1159 1821 j
1193 1738 1277 1802 roda
1307 1744 1342 1802 et
1373 1737 1527 1802 dimidia.

418 1840 507 1904 Item
531 1841 624 1924 apud
647 1842 892 1926 Wythepottes
916 1843 1034 1907 dimid.
1060 1864 1175 1908 acram
1202 1842 1273 1926 (sic)
1300 1849 1334 1906 et
1358 1841 1428 1924 xvij
1456 1841 1527 1911 tall.

418 1945 507 2008 Item
531 1945 658 2010 ibidem
682 1968 752 2012 vna
776 1968 855 2013 acra
879 1953 913 2011 et
937 1946 1008 2030 xvij
1037 1947 1105 2012 fall.
1155 1948 1245 2011 item
1269 1946 1396 2010 ibidem
1421 1966 1528 2031 prope

416 2158 530 2218 totum
548 2161 687 2238 pratum
705 2176 821 2221 meum
839 2156 932 2240 apud
951 2156 1125 2232 Randker‚
1145 2156 1236 2221 Hab.
1256 2161 1290 2219 et
1309 2160 1378 2219 ten.
1399 2153 1464 2218 eid.
1484 2153 1524 2219 G.

416 2263 450 2322 et
477 2279 502 2323 s.
531 2258 654 2345 assign,
683 2260 718 2325 in
745 2267 962 2345 perpetuum,
989 2260 1023 2325 li.
1051 2266 1086 2324 et
1113 2260 1195 2344 qui..
1224 2258 1419 2335 honorifice,
1447 2279 1526 2323 eum

415 2383 506 2428 omn.
522 2370 608 2447 pert.
623 2370 658 2428 et
671 2365 729 2430 lib.
743 2385 769 2430 s
818 2365 1009 2430 Reddendo
1022 2365 1100 2429 inde
1114 2364 1295 2430 annuatim
1308 2363 1390 2428 d’no
1403 2362 1526 2427 Nich’o

415 2467 457 2531 de
476 2468 610 2552 Hewyk
629 2475 663 2533 et
682 2469 751 2534 her.
772 2491 798 2534 s.
818 2470 875 2535 xd.
895 2470 939 2535 ad
958 2470 980 2534 f.
1000 2469 1032 2533 S.
1051 2470 1095 2534 M.
1114 2475 1149 2533 et
1168 2468 1325 2534 iaciendo
1343 2467 1526 2532 seruicium

415 2571 619 2637 forinsecum
634 2580 806 2657 quantum
821 2575 971 2659 pertinet
987 2574 1032 2639 ad
1047 2573 1226 2639 dimidiam
1242 2574 1408 2637 bouatam
1424 2577 1524 2648 13333,

414 2676 504 2740 vnde
530 2676 588 2761 xxj
618 2683 778 2743 carucate
804 2683 892 2743 terre
919 2678 1059 2743 feodum
1085 2679 1186 2742 vnius
1212 2677 1341 2741 militis.
1390 2677 1435 2740 Et
1462 2697 1525 2761 ego

413 2786 447 2845 et
473 2782 542 2849 her.
569 2804 613 2849 m.
641 2804 732 2849 omn.
759 2783 852 2869 pred.
880 2783 1045 2868 parcellas
1070 2789 1238 2849 terrarum
1266 2782 1407 2866 (cums.
1435 2787 1522 2866 pert.

412 2889 506 2970 pred.
525 2888 564 2953 G.
583 2895 617 2953 et
634 2910 724 2953 omn.
744 2888 866 2974 assign.
880 2892 920 2973 s.)
936 2901 946 2932 1
963 2909 1043 2953 war.
1062 2895 1096 2952 et
1113 2888 1179 2953 def.
1194 2909 1256 2973 pro
1272 2887 1366 2972 pred.
1380 2885 1524 2951 seruicio

411 2999 533 3059 contra
560 3015 651 3059 omn.
681 2994 772 3058 hom.
802 2993 837 3058 in
865 2999 1082 3078 perpetuum.
1131 2994 1171 3057 In
1199 2993 1301 3057 huius
1329 2998 1447 3057 autem
1476 2990 1523 3055 rei

412 3099 515 3163 robur
533 3103 568 3163 et
587 3104 665 3163 test.
687 3098 766 3163 huic
784 3118 846 3163 scr.
867 3098 927 3183 sig.
948 3118 994 3162 m.
1015 3098 1169 3182 apposui.
1218 3096 1294 3161 Hiis
1313 3097 1487 3161 testibus.2

579 3268 666 3352 (107)
693 3267 814 3332 CARTA
839 3284 887 3331 uu
911 3284 1054 3331 Lunum
1078 3283 1195 3329 BEATE
1220 3266 1352 3329 Mania.

495 3408 597 3473 Vniu.
624 3408 683 3491 xpi
709 3406 766 3471 fid.
793 3406 838 3471 ad
862 3427 949 3490 quos
973 3426 1024 3490 pr.
1050 3426 1112 3470 scr.
1139 3404 1344 3489 peruenerit,
1372 3404 1521 3468 Rob'tus

408 3512 635 3597 Dispensator
649 3512 691 3576 de
705 3510 843 3596 Ripon',
857 3532 905 3577 sa.
919 3510 955 3576 in
968 3511 1059 3575 D’no
1072 3509 1327 3593 sempiternam.
1374 3507 1406 3571 N
1409 3508 1520 3573 ouerit

407 3617 613 3683 vniuersitas
646 3624 762 3682 vestra
795 3637 849 3681 me
883 3615 959 3680 ded.
995 3636 1058 3699 pro
1090 3636 1138 3679 sa.
1174 3635 1228 3679 an.
1264 3635 1309 3678 m.
1345 3619 1379 3676 et
1413 3614 1517 3678 anim.

406 3728 608 3787 antecessor.
634 3742 737 3786 meor.
762 3720 922 3786 luminari
945 3721 997 3784 be.
1023 3719 1128 3784 Marie
1151 3719 1185 3783 in
1209 3717 1300 3782 Eccl.
1325 3718 1367 3781 de
1392 3718 1517 3801 Ripon’

405 3826 489 3911 xijd.
511 3827 616 3892 annui
636 3826 802 3902 redditus
823 3846 909 3909 quos
929 3823 1067 3888 Elienor
1086 3822 1156 3888 filia
1174 3843 1251 3887 mea
1270 3822 1390 3886 reddet
1410 3844 1518 3887 annu·

406 3931 492 3997 atim
521 3952 583 4016 pro
612 3937 704 3996 terra
732 3951 838 4015 quam
867 3930 897 3994 ei
927 3928 1016 3993 dedi.
1064 3928 1150 3992 Volo
1179 3932 1214 3991 et
1243 3927 1393 3992 concedo
1421 3928 1515 4012 quod

404 4037 564 4102 custodes
595 4036 700 4101 eiusd.
733 4034 871 4100 luminis
901 4033 993 4098 licite
1024 4033 1232 4117 quicumque
1263 4031 1390 4096 fuerint
1421 4031 1514 4096 illam

405 4147 532 4206 terram
552 4140 685 4225 possint
705 4139 906 4224 restringere
926 4158 988 4222 pro
1008 4137 1107 4202 firma
1126 4138 1154 4200 si
1173 4137 1208 4201 in
1225 4136 1340 4220 aliquo
1361 4142 1514 4220 tempore

404 4246 576 4310 deiecerit.
624 4246 671 4309 Vt
689 4250 806 4309 autem
824 4244 886 4307 hee
903 4263 980 4307 mea
998 4242 1143 4307 donacio
1160 4247 1238 4306 rata
1254 4241 1299 4305 sit
1317 4247 1351 4304 et
1368 4240 1512 4317 stabilis,

404 4370 453 4434 pr.
471 4370 533 4414 scr.
552 4350 611 4434 sig.
630 4370 675 4413 m.
694 4348 913 4433 impressione
930 4346 1100 4411 roboraui.
1148 4346 1192 4410 H.
1211 4351 1236 4409 t.
1255 4345 1385 4430 Mag’ro
1400 4344 1513 4408 Will'o

403 4455 568 4540 Wigwan,
601 4453 714 4518 Will’o
745 4453 787 4517 de
818 4452 1008 4526 Thornton,
1042 4457 1125 4515 tunc
1156 4450 1294 4525 balliuo,
1327 4449 1439 4513 Will’o
1471 4449 1512 4513 de

404 4558 573 4634 Bokland‚
606 4558 729 4622 Nich'o
761 4557 924 4632 Bernard
957 4555 1082 4638 Joh'ne
1113 4555 1155 4619 de
1186 4554 1302 4630 Ebot„
1334 4552 1437 4618 Wait’
1470 4553 1512 4617 de

402 4664 571 4749 Westgat,
592 4668 627 4726 et
646 4662 730 4727 aliis,

403 4780 487 4841 ---¹-
502 4813 644 4877 Repeated
657 4812 685 4861 in
699 4813 755 4860 MS.
829 4818 839 4840 ²
858 4811 901 4860 No
914 4824 1010 4860 names
1022 4810 1143 4859 entered.
