3950 5625
431 664 475 749 96
722 666 802 730 Tire
827 666 983 730 [serior
1007 666 1254 732 MANUSCRm.

520 846 609 925 (155)
628 845 684 908 DE
701 862 839 909 EODEM.
889 843 1012 924 (Grant
1028 845 1065 908 ot
1079 846 1189 930 rights
1204 846 1239 910 in
1255 867 1276 910 a
1291 845 1451 927 nativus).

261 989 384 1051 rav-icy.
516 974 618 1038 Omn.
641 975 673 1038 h.
695 974 716 1038 l.
739 975 801 1037 vis.
823 974 878 1037 vel
898 945 977 1038 auo.
1000 974 1082 1038 d’na
1102 975 1211 1038 Alicia
1230 974 1273 1038 de
1293 975 1470 1058 Stauleya‚
1492 997 1545 1041 sa.

429 1078 463 1141 in
488 1078 588 1142 D'n0.
637 1077 725 1142 Nou.
751 1079 845 1142 vniu.
871 1085 987 1141 vestra
1011 1099 1066 1142 me
1089 1079 1125 1142 in
1148 1079 1285 1161 propria
1309 1079 1483 1144 viduitate
1506 1088 1546 1144 et

428 1182 521 1265 legea
543 1189 717 1265 potestate
737 1202 814 1245 mea
834 1202 897 1264 pro
916 1202 965 1245 sa.
988 1203 1043 1246 an.
1066 1203 1111 1245 m.
1133 1189 1169 1245 et
1189 1203 1281 1246 omn.
1304 1190 1470 1248 antecess.
1493 1205 1543 1249 m.

426 1285 503 1350 ded.
524 1307 631 1360 cone,
650 1287 734 1370 qui..
747 1285 823 1360 cla„
838 1292 872 1348 et
886 1286 918 1348 h.
933 1306 966 1368 p.
980 1306 1010 1349 c.
1024 1285 1113 1349 conf.
1129 1286 1203 1349 Deo
1215 1292 1249 1349 et
1266 1287 1371 1349 beato
1382 1287 1546 1352 Wilfrido

425 1389 469 1452 de
487 1389 611 1472 Ripon'
631 1397 665 1453 et
682 1389 862 1453 canonicis
879 1389 1007 1453 ibidem
1025 1389 1099 1452 Deo
1114 1390 1353 1464 seruientibus,
1371 1391 1541 1475 quicquid

427 1493 508 1557 iuris
534 1494 588 1556 vel
614 1493 810 1576 calumpnie
836 1493 941 1557 habui
968 1493 1023 1556 vel
1050 1494 1175 1556 habere
1202 1494 1299 1576 potui
1326 1494 1361 1556 in
1388 1495 1542 1559 Henrico

426 1597 471 1661 fil.
497 1598 608 1661 Astini
630 1604 664 1660 et
686 1598 720 1661 in
741 1597 879 1680 sequela
899 1617 962 1661 sua
989 1603 1024 1660 et
1051 1597 1086 1660 in
1113 1597 1244 1660 catellis
1269 1598 1349 1672 suis,
1372 1597 1423 1661 ita
1442 1600 1540 1682 quod

426 1721 488 1765 nec
520 1722 583 1786 ego
615 1722 676 1765 nec
709 1701 848 1764 heredes
880 1701 946 1764 mei
979 1701 1110 1785 aliquid
1142 1701 1224 1764 iuris
1256 1701 1311 1764 vel
1342 1702 1540 1786 calumpnie

426 1805 561 1869 racione
580 1805 776 1869 natiuitatis
800 1805 834 1868 in
858 1804 1014 1887 predicto
1035 1801 1097 1886 (46)
1121 1805 1226 1868 Henr.
1245 1804 1299 1868 vel
1315 1807 1454 1888 sequela
1475 1827 1539 1872 sua

426 1909 480 1972 vel
499 1909 632 1972 catallis
650 1910 720 1972 suis
738 1908 782 1972 de
800 1915 913 1971 cetero
932 1908 1114 1972 vendicare
1132 1909 1332 1991 poterimus,
1380 1910 1427 1973 Et
1446 1911 1482 1974 in
1502 1912 1536 1975 h.

425 2033 450 2076 r.
478 2020 503 2076 t.
531 2033 581 2096 pr.
609 2033 671 2076 scr.
699 2013 759 2097 sig.
786 2033 831 2075 m.
859 2012 1015 2095 apposui.
1064 2012 1108 2076 H.
1136 2018 1161 2075 t.
1190 2012 1321 2096 Mag'ro
1346 2012 1538 2079 Laurencio

425 2116 468 2179 de
486 2116 620 2200 Topclii
638 2123 672 2179 et
690 2116 822 2179 ceteris,

640 2269 727 2352 (156)
754 2270 810 2333 DE
834 2286 971 2333 EODEM.
1022 2270 1171 2352 (Similar
1193 2272 1319 2354 grant).

511 2401 613 2465 Omn.
634 2399 666 2464 S.
688 2399 731 2463 M.
753 2399 793 2463 E.
813 2398 858 2462 fil.
879 2398 924 2462 ad
942 2419 1029 2482 quos
1047 2419 1097 2482 pr.
1117 2419 1180 2463 scr.
1200 2401 1405 2482 peruenerit,
1425 2401 1535 2465 Will's

424 2505 466 2568 de
495 2505 588 2588 Irby,
618 2525 666 2568 sa.
697 2504 730 2567 in
760 2503 851 2567 D’no
879 2509 1044 2567 eternam.
1091 2501 1180 2566 Nou.
1210 2505 1304 2567 vniu.
1335 2511 1451 2568 vostra
1479 2526 1535 2569 me

422 2629 529 2683 cono,
552 2609 622 2692 qui.
646 2608 708 2671 cla.
733 2613 767 2670 et
790 2627 823 2690 p.
847 2627 875 2670 e.
900 2606 990 2670 conf.
1014 2607 1057 2670 de
1079 2627 1134 2670 me
1155 2613 1190 2670 et
1212 2608 1282 2671 her.
1306 2629 1352 2671 m.
1375 2608 1411 2672 in
1433 2629 1532 2694 perp.

422 2732 484 2795 pro
503 2732 551 2775 sa.
573 2733 627 2776 an.
649 2732 694 2775 m.
716 2718 750 2774 et
770 2717 934 2774 antecess.
955 2732 1001 2775 m.
1024 2711 1098 2774 Deo
1117 2717 1151 2774 et
1171 2711 1250 2776 eccl.
1273 2711 1338 2776 S’ci
1358 2711 1468 2778 Wiltr.
1489 2713 1533 2777 de

423 2816 547 2900 Ripon'
577 2823 611 2880 et
638 2816 720 2880 d'no
748 2815 833 2900 Rog.
862 2815 905 2879 de
932 2815 1026 2899 Leya
1053 2815 1224 2879 Canonico
1251 2816 1357 2881 eiusd.
1387 2818 1466 2881 eccl.
1496 2825 1531 2882 et

421 2940 510 2985 succ.
544 2940 570 2984 s.
606 2919 785 2983 Canonicis
817 2920 852 2983 in
885 2939 947 2983 sua
980 2919 1165 3003 prebenda,
1200 2926 1315 2983 totum
1346 2920 1403 3003 jus
1434 2922 1531 3005 quod

421 3024 526 3089 habui
549 3024 603 3087 vel
625 3024 750 3087 habere
771 3023 869 3107 potui
892 3023 926 3087 in
948 3023 1081 3087 Thoma
1103 3023 1173 3087 filio
1196 3023 1283 3088 Rad.
1307 3024 1350 3087 de
1372 3024 1527 3099 Rowclif,

420 3129 470 3193 ita
492 3128 586 3212 quod
608 3148 671 3191 nec
693 3147 755 3211 ego
777 3126 885 3190 Will’s
907 3147 969 3190 nec
992 3127 1061 3192 her.
1086 3148 1130 3191 m.
1154 3147 1217 3191 nec
1240 3127 1362 3211 aliquis
1384 3149 1445 3212 per
1466 3150 1529 3193 nos

420 3254 482 3297 nec
503 3253 565 3316 pro
585 3232 684 3296 nobis
705 3231 834 3315 aliquid
855 3230 1018 3294 clamium
1039 3231 1093 3295 vel
1113 3232 1166 3295 ius
1186 3232 1221 3295 in
1243 3232 1317 3296 eod.
1340 3232 1474 3297 Thoma
1494 3240 1529 3297 et

419 3337 455 3401 in
473 3344 567 3401 secta
585 3357 647 3400 sua
666 3356 708 3399 ex
726 3355 762 3398 se
781 3335 985 3419 egrediente,
1006 3335 1061 3398 vel
1080 3335 1114 3399 in
1132 3335 1266 3399 catallis
1284 3356 1309 3400 s.
1330 3336 1456 3400 habere
1474 3337 1529 3401 vel

420 3441 552 3525 exigere
579 3440 768 3524 poterimus
795 3438 830 3502 in
858 3458 951 3521 perp.
1000 3439 1047 3502 Et
1074 3445 1114 3502 vt
1141 3459 1218 3502 mea
1245 3441 1428 3514 concessiO,
1456 3442 1526 3525 qui.

419 3545 594 3619 clemaciO,
610 3550 645 3607 et
659 3563 708 3626 pr.
724 3548 819 3606 carte
832 3542 1051 3605 confirmacio
1065 3544 1170 3606 robur
1183 3543 1357 3606 firmitatis
1371 3544 1528 3627 optineat

419 3649 454 3713 in
478 3668 584 3732 perp,
610 3668 642 3730 p.
669 3668 696 3711 c.
723 3646 782 3730 sig.
809 3666 853 3710 m.
880 3646 1035 3728 apposui.
1084 3647 1128 3710 H.
1155 3652 1180 3710 t.
1206 3646 1288 3710 d’no
1313 3647 1462 3712 Patricio
1486 3648 1529 3711 de

419 3752 605 3835 Westwyk,
627 3751 700 3814 Ric'
721 3750 763 3813 de
782 3750 939 3824 Brerton,
959 3756 994 3813 et
1012 3750 1143 3814 ceteris

423 3906 510 3989 (157)
536 3906 592 3969 DE
616 3921 753 3969 EODEM.
803 3902 925 3986 (Grant
948 3902 984 3966 ot
1006 3903 1087 3967 land
1111 3903 1164 3967 for
1186 3903 1327 3967 Sharow
1348 3904 1526 3987 prebend).

508 4047 649 4111 Printed
680 4046 714 4109 in
746 4045 849 4110 Mem.
875 4044 998 4127 Ripon,
1025 4044 1052 4118 1,
1078 4044 1166 4107 from
1190 4045 1419 4129 Darnbrough
1444 4045 1523 4121 MS.

419 4152 501 4216 with
526 4171 619 4216 more
641 4150 824 4214 witnesses
873 4148 1010 4231 Ingilby
1033 4148 1101 4213 MS.
1126 4148 1393 4224 reads,“Wa1t'
1419 4150 1527 4213 abbas

418 4256 461 4320 de
478 4254 616 4338 Selby.’'

419 4396 507 4478 (158)
533 4397 589 4460 DE
613 4412 750 4460 EODEM.
800 4393 923 4477 (Grant
946 4393 982 4456 of
1003 4393 1085 4457 land
1107 4393 1155 4476 by
1178 4393 1266 4476 Abp.
1291 4393 1465 4457 Thurstan
1489 4399 1526 4456 to

462 4500 534 4565 Ric.
556 4500 601 4565 fil.
622 4499 798 4580 Turstini).

262 4662 388 4711 14-1140.
503 4629 710 4712 T(urstinus)
739 4627 802 4691 Dei
827 4647 896 4710 gra.
924 4626 1028 4689 Ebot.
1055 4625 1213 4708 Arehiep.
1240 4624 1419 4689 Canonicis
1443 4625 1522 4689 eccl.

417 4733 483 4799 S'ci
506 4733 614 4798 Wilfr.
639 4732 681 4797 de
706 4731 829 4815 Ripon'
856 4736 890 4794 et
914 4730 1036 4794 ceteris
1058 4730 1256 4794 hominibus
1278 4730 1348 4795 suis
1372 4729 1523 4820 eiusdem
