3950 5625
711 710 804 776 Acrs
827 729 873 776 or
896 710 1074 776 Canama.
1385 727 1448 796 197

341 885 498 952 dedimus
529 888 720 972 specialem,
753 896 889 955 statuto
920 890 1075 974 predicto
1106 911 1175 955 non
1207 892 1379 966 obstante,
1413 896 1447 954 et

341 990 495 1056 nolentes
516 992 610 1077 quod
632 993 776 1078 predicti
799 994 850 1059 W.
875 995 907 1078 J.
931 994 969 1059 T.
994 995 1026 1077 J.
1051 994 1102 1058 W.
1127 994 1179 1058 W.
1203 995 1255 1059 W.
1279 1001 1314 1058 et
1337 995 1369 1078 J.
1394 994 1447 1058 vel

340 1094 479 1160 heredes
520 1097 572 1161 sui
614 1104 675 1162 aut
718 1099 841 1182 prefati
885 1098 1088 1182 Capellanus
1130 1099 1184 1162 vel
1226 1097 1343 1182 vicarij
1388 1119 1447 1163 seu

340 1219 547 1264 successores
563 1202 615 1265 sui
632 1202 766 1267 racione
782 1203 907 1268 statuti
923 1203 1068 1286 predicti
1085 1224 1145 1286 per
1160 1223 1221 1267 nos
1237 1202 1291 1266 vel
1308 1202 1447 1266 heredes

339 1309 474 1368 nostros
504 1304 729 1387 Justiciarios
761 1307 995 1382 Eschaetores,
1026 1307 1243 1371 vicecomites
1272 1313 1334 1372 aut
1363 1308 1446 1371 alios

339 1407 483 1490 balliuos
513 1429 572 1475 seu
601 1410 778 1475 ministros
807 1417 942 1475 nostros
972 1411 1026 1475 vel
1057 1411 1220 1475 heredum
1251 1417 1446 1475 nostrorum

339 1533 574 1599 quoscumque
601 1514 680 1578 inde
708 1515 977 1590 occasionentur,
1006 1516 1232 1580 molestentur
1257 1516 1292 1580 in
1319 1515 1445 1599 aliqu0,

340 1637 398 1681 seu
411 1624 608 1702 grauentur,
622 1619 727 1683 saluis
740 1626 857 1684 tamen
870 1619 1077 1705 capitalibus
1090 1620 1179 1684 d'nis
1192 1620 1282 1684 feodi
1295 1620 1446 1703 seruicijs

340 1721 417 1786 inde
439 1722 565 1786 debitis
587 1730 621 1787 et
643 1725 825 1789 consuetis,
874 1725 915 1789 In
937 1746 964 1789 c.
990 1745 1015 1790 r.
1040 1731 1064 1788 t.
1088 1725 1150 1789 has
1172 1724 1238 1788 litt,
1263 1725 1353 1789 n’ras
1375 1725 1446 1788 fieri

340 1826 481 1891 fecimus
510 1834 679 1913 patentes
727 1828 828 1893 Teste
857 1829 988 1914 meipso
1018 1828 1111 1912 apud
1141 1828 1282 1893 Westm.
1314 1829 1446 1895 decimo

340 1930 393 1994 die
413 1932 573 1996 Octobris
593 1954 685 1998 anno
705 1934 798 2014 regni
819 1933 883 1997 n’ri
905 1933 1118 1997 duodecimo

428 2109 489 2173 Pia
513 2109 699 2174 deuocione
724 2131 786 2194 pro
810 2111 1065 2175 sustentacione
1092 2111 1154 2194 (71)
1182 2110 1265 2175 dicti
1289 2111 1446 2194 perpetui

340 2213 513 2297 Capellam
557 2220 592 2278 et
636 2235 776 2280 suorum
820 2236 1053 2280 successorum
1096 2215 1360 2299 imperpetuum.
1406 2237 1446 2279 ac

339 2318 603 2403 supportacione
632 2324 667 2382 et
696 2319 896 2385 inuencione
925 2341 1068 2384 onerum
1096 2319 1368 2402 subscriptorum
1397 2319 1446 2383 in-

340 2422 452 2498 ferius,
484 2444 524 2486 ac
554 2443 595 2486 ex
625 2424 736 2487 causis
766 2423 948 2488 antedictis
978 2425 1043 2488 rite
1073 2424 1174 2487 factis
1203 2430 1237 2487 et
1267 2423 1444 2498 ordinatis,

338 2527 501 2591 noueritis
528 2527 637 2590 eciam
663 2548 725 2591 nos
752 2528 794 2591 de.
821 2529 961 2591 licencia
987 2528 1113 2611 prefati
1141 2528 1211 2591 d'ni
1239 2528 1303 2591 n’ri
1331 2527 1444 2611 Regis

338 2637 377 2695 vt
404 2631 584 2715 prefertur,
615 2652 654 2695 ac
682 2652 851 2697 consensu
879 2632 1061 2696 voluntate
1089 2638 1123 2695 et
1153 2652 1292 2696 assensu
1320 2632 1446 2695 nostris

340 2735 498 2822 exprissis
520 2741 555 2799 et
578 2736 732 2800 omnium
755 2743 790 2800 et
813 2737 1025 2822 singulorum
1047 2757 1194 2822 quorum
1219 2736 1383 2800 intererat
1409 2735 1444 2799 in

338 2841 401 2905 hac
425 2846 525 2924 parte
549 2840 692 2917 dedisse,
718 2842 930 2917 concessisse,
953 2842 1151 2925 assignasse,
1178 2841 1269 2904 eth.
1296 2862 1329 2926 p,
1356 2863 1383 2905 c.
1411 2862 1444 2907 n.

339 2946 514 3029 tripartita
544 2945 762 3010 confirmasse
794 2947 867 3010 Deo
900 2946 1150 3030 Omnipotenti‚
1183 2946 1446 3029 beatissimeque

340 3049 469 3135 Virgini
490 3050 606 3125 Marie,
628 3071 667 3114 ac
688 3051 791 3114 beato
811 3050 978 3125 Wilfrido,
1001 3057 1034 3113 et
1056 3050 1137 3114 d'no
1158 3050 1255 3113 Ric’o
1275 3049 1445 3125 Tankerd,

340 3153 533 3237 Capellam,
566 3154 704 3239 suisque
735 3155 860 3219 futuris
891 3155 1141 3219 successoribus
1173 3154 1263 3217 dicte
1294 3154 1446 3218 cantarie

338 3257 539 3342 CapelianiS,
563 3258 683 3323 missas
705 3264 741 3322 et
763 3258 831 3322 alia
852 3259 970 3324 diuina
993 3259 1104 3322 officia
1125 3258 1380 3341 imperpetuum
1402 3257 1446 3321 ad

338 3361 444 3426 altare
474 3362 668 3447 predictum
700 3363 765 3427 S’ci
796 3363 927 3427 Thome
958 3363 993 3425 in
1024 3362 1102 3426 eccl.
1134 3361 1289 3445 predicta
1320 3361 1444 3445 Ripon’

338 3466 440 3531 modo
456 3472 491 3530 et
508 3467 619 3531 forma
637 3467 843 3550 supradictis
859 3488 937 3531 cum
954 3466 1196 3531 infradicendis
1214 3465 1444 3541 celebraturis

337 3576 468 3654 septem
491 3571 665 3656 mesuagia
680 3610 723 3617 —
740 3571 966 3656 Ingerthorp1
991 3572 1093 3635 Ebor.
1112 3570 1210 3645 dioc,
1229 3570 1388 3634 habenda
1410 3576 1446 3634 et

338 3673 486 3739 tenenda
526 3695 589 3758 pro
628 3682 794 3759 perpetuo
832 3676 1021 3740 secundum
1059 3676 1179 3739 seriem
1218 3682 1253 3737 et
1292 3680 1445 3740 tenorem

339 3785 430 3842 carte
455 3779 556 3844 huius
580 3780 670 3843 facte
695 3786 729 3843 et
754 3780 911 3845 ordinate
935 3780 970 3844 in
996 3781 1060 3844 boc
1084 3800 1175 3853 casu,
1197 3779 1231 3842 in
1253 3779 1286 3843 li.
1309 3799 1383 3863 pur.
1410 3784 1445 3842 et

338 3902 430 3967 perp.
445 3883 484 3946 el.
501 3904 541 3948 ac
556 3904 618 3968 pro
630 3889 806 3967 perpetuo.
841 3884 1008 3948 Volumus
1020 3884 1128 3948 eciam
1142 3889 1176 3947 et
1189 3883 1387 3947 ordinamus
1403 3904 1445 3947 ex

339 3986 394 4071 pia
413 3992 531 4052 nostra
550 3987 735 4052 deuocione
755 3994 790 4051 et
813 3988 924 4052 causis
949 3988 1132 4053 antedictis
1156 3988 1198 4051 de
1222 4008 1388 4052 consensu
1410 3993 1445 4051 et

338 4091 518 4155 voluntate
539 4092 698 4175 exprissis
719 4092 873 4156 omnium
894 4099 934 4156 vt
956 4092 1152 4175 predicitur,
1175 4092 1269 4176 quod
1290 4091 1444 4176 prefatus

339 4195 414 4260 d'ns
446 4195 562 4260 Ric’us
584 4196 753 4270 Tankerd,
780 4197 994 4280 Capellanus
1019 4196 1064 4259 ad
1093 4196 1222 4261 dictam
1253 4196 1443 4260 cantariam

339 4300 448 4383 primo
467 4320 527 4383 per
545 4321 607 4364 nos
626 4300 754 4364 Will’m
773 4301 815 4365 de
835 4301 970 4375 Cawod,
993 4300 1129 4383 Joh’em
1149 4302 1254 4375 Deen,
1276 4300 1313 4364 T.
1335 4300 1367 4383 J.
1388 4301 1442 4368 W.

338 4403 389 4469 W.
416 4403 468 4467 W.
494 4410 529 4467 et
553 4404 585 4487 J.
612 4405 797 4468 venerabili
822 4405 981 4489 Capitulo
1007 4404 1086 4468 eccl.
1113 4404 1194 4468 Coll.
1221 4404 1335 4487 Ripon
1360 4404 1443 4486 Jure

339 4508 412 4572 n’ro
436 4508 574 4591 proprio
599 4515 813 4591 presentetur
838 4530 899 4593 pro
924 4508 1029 4591 ipsius
1054 4508 1221 4591 capellani
1245 4507 1290 4571 ad
1314 4507 1444 4572 dictam

339 4618 541 4695 perpetuam
564 4612 765 4687 cantariam,
790 4613 961 4678 Canonica
985 4611 1190 4676 admissione
1219 4610 1444 4677 Institucione

410 4813 418 4836 ¹
438 4810 476 4859 As
489 4808 586 4867 above,
601 4824 629 4874 p.
647 4809 704 4868 196.
