3950 5625
426 695 447 757 4
701 676 785 740 Tua
812 677 966 741 luerent
993 677 1253 742 Mnuuscnrrr.

427 850 574 914 b'torum
596 850 686 914 Petri
705 863 737 915 et
756 851 910 916 Wilfridi
931 852 1074 936 Ripon',
1094 854 1240 916 salutem
1260 853 1293 915 in
1311 855 1534 936 amplexibus

427 951 621 1014 saluatoris.
699 951 876 1015 Noueritis
909 973 972 1015 nos
1004 953 1121 1015 literas
1153 953 1362 1016 venerabilis
1400 965 1433 1017 et
1471 954 1535 1017 cir-

426 1051 615 1133 cumspecti
653 1050 715 1112 viri
751 1051 908 1134 magistri
940 1051 1050 1135 Joh’is
1083 1052 1264 1126 Suthwell,
1300 1051 1467 1117 Canonici
1501 1067 1535 1116 et

426 1148 608 1213 confratris
641 1150 746 1213 nostri
784 1150 1036 1234 Residenciarij
1070 1151 1104 1214 in
1137 1151 1282 1215 ecclesia
1314 1152 1466 1235 predicta
1494 1173 1534 1216 ac

426 1249 631 1332 thesaurarij
664 1249 818 1313 eiusdem
850 1251 994 1315 ecclesie
1019 1250 1136 1334 Sigilli
1163 1251 1215 1314 sui
1243 1251 1472 1334 impressione
1498 1252 1531 1314 in

427 1369 504 1413 cera
544 1349 641 1411 rubia
682 1348 853 1431 pendente
892 1349 1078 1433 sigillatas,
1115 1351 1295 1433 recepisse,
1332 1351 1462 1415 vidisse
1501 1366 1534 1415 et

428 1448 613 1532 diligenter
630 1448 834 1531 inspexisse,
851 1470 997 1531 quarum
1017 1463 1116 1513 tenor
1134 1471 1194 1532 per
1215 1451 1333 1513 omnia
1350 1452 1429 1513 talis
1446 1464 1507 1514 est.

515 1597 784 1661 Venerabilibus
831 1612 862 1662 et
904 1599 1062 1663 discretis
1102 1599 1185 1662 viris
1223 1621 1264 1662 ac
1301 1599 1534 1663 confratribus

427 1695 626 1780 Capitulum
645 1698 788 1761 ecclesie
805 1697 1000 1781 Collegiate
1017 1701 1195 1769 beatorum
1216 1698 1359 1762 Petriet
1376 1698 1532 1762 Wiliridi

429 1796 558 1880 Ripon’
576 1795 782 1860 facientibus
806 1798 859 1861 vel
884 1819 1004 1861 eorurn
1027 1798 1061 1861 in
1081 1798 1246 1863 absencia
1266 1798 1530 1873 Commissari0,

427 1896 475 1960 M.
523 1895 702 1981 Johannes
750 1896 931 1971 Suthwell,
978 1898 1229 1980 prebendarius
1277 1899 1450 1981 prebende
1490 1900 1533 1962 de

427 1995 597 2060 Monkton
631 2009 663 2060 et
689 1995 889 2060 Canonicus
921 1997 1206 2061 Residenciarius
1230 2019 1270 2061 ac
1295 1998 1533 2060 thesaurarius

425 2095 458 2157 in
484 2095 603 2159 eadem
628 2095 784 2169 ecclesia,
808 2096 1046 2159 omnimodam
1075 2097 1340 2171 Reuerenciam,
1368 2097 1534 2160 obedien-

424 2195 512 2258 ciam
537 2194 701 2271 debitam,
727 2216 804 2259 cum
832 2195 974 2259 honore.
1026 2196 1222 2260 Attendens
1249 2212 1282 2260 et
1305 2197 1533 2260 considerans

425 2307 525 2378 grata
566 2308 598 2358 et
645 2295 834 2358 laudabilia
873 2295 1043 2377 obsequia
1081 2317 1150 2377 que
1188 2296 1335 2360 dilectus
1376 2297 1408 2358 in
1450 2296 1534 2379 Xpo

427 2392 607 2477 Xposorus
657 2394 826 2466 Kendale,
877 2395 1101 2478 Capellanus,
1153 2396 1254 2458 nobis
1304 2409 1336 2458 et
1390 2396 1536 2460 ecclesie

429 2492 622 2576 Collegiate
655 2507 769 2556 nostre
799 2494 949 2575 predicte
974 2508 1055 2557 ante
1083 2495 1146 2558 bec
1174 2508 1331 2577 tempora
1357 2509 1536 2578 gratanter

428 2604 554 2656 etcum
573 2614 636 2656 sua
653 2593 812 2675 diligenti
832 2593 1001 2656 industria
1018 2593 1187 2669 exhibuit,
1207 2615 1422 2677 speransque
1439 2595 1533 2677 quod

430 2692 518 2755 idem
538 2692 662 2774 ipsein
684 2692 859 2755 nostriset
880 2693 969 2756 dicte
991 2694 1135 2757 ecclesie
1160 2708 1276 2757 nostre
1300 2694 1448 2776 agendis
1472 2715 1534 2758 sue

428 2790 627 2857 affeccionis
669 2792 892 2876 diligenciam
936 2806 970 2858 et
1012 2793 1217 2857 industriam
1257 2808 1415 2858 accurate
1453 2816 1535 2858 con-

429 2892 578 2955 tinuabit
601 2892 809 2956 successiuis
832 2893 967 2956 actibus
993 2894 1027 2956 in
1053 2892 1217 2956 futurum.
1269 2895 1402 2958 Volens
1428 2894 1535 2977 igitur

430 2990 543 3074 ipsum
563 3012 705 3055 munere
726 2992 888 3074 prosequi
907 2993 1065 3075 graciose
1082 2993 1183 3057 vobis
1204 3008 1364 3076 presento
1384 2994 1531 3057 eundem

428 3091 521 3154 d’nm
559 3091 754 3174 Xpoforum
794 3092 954 3155 Kendale
992 3093 1035 3156 ad
1068 3092 1218 3156 officium
1252 3094 1534 3157 subthesauraric

429 3192 510 3255 eccl.
542 3194 619 3255 coll.
650 3192 809 3274 predicte,
843 3213 902 3274 per
930 3206 1074 3256 mortem
1100 3192 1170 3256 d’ni
1194 3192 1532 3277 Joh'isssFranlryssh

430 3291 539 3353 vltimi
574 3291 786 3374 possessoris
817 3291 971 3355 eiusdem
1002 3291 1104 3355 officii
1134 3313 1263 3356 vacans
1290 3293 1390 3357 etad
1420 3313 1531 3355 rneam

429 3390 654 3455 collacionem
689 3393 792 3474 pleno
828 3391 899 3454 iure
934 3404 1106 3474 spectans,
1143 3392 1291 3456 babend.
1328 3406 1361 3455 et
1392 3392 1530 3456 tenend.

429 3490 539 3554 eidem
559 3489 718 3573 Xpoioro
734 3489 885 3554 officium
902 3491 1092 3573 predictum
1109 3512 1169 3573 per
1183 3513 1220 3555 se
1233 3492 1285 3555 vel
1304 3491 1531 3556 sufficientem

429 3611 531 3654 suurn
560 3590 761 3672 deputatum
796 3590 1050 3673 occupandum,
1085 3592 1253 3673 quamdiu
1285 3592 1418 3661 vixerit,
1454 3612 1532 3654 cum

429 3690 594 3753 omnibus
640 3690 713 3753 suis
760 3688 880 3762 feodis,
926 3690 1244 3761 commoditatibus,
1291 3704 1323 3754 et
1370 3689 1533 3773 proficuis

430 3789 602 3853 vniuersis
629 3790 672 3852 ad
697 3790 825 3853 dictum
852 3789 1003 3853 officium
1035 3791 1297 3871 pertinentibus
1329 3791 1534 3873 supplicans

430 3888 606 3952 humiliter
640 3910 680 3952 ac
718 3890 842 3952 deuote
880 3890 1046 3971 quatinus
1078 3890 1225 3953 eundem
1260 3889 1455 3972 Xpoforum
1489 3890 1531 3953 ad

429 3989 558 4053 dictum
576 3987 726 4052 officium
745 3991 811 4053 sub
832 3990 895 4052 bac
919 3988 1030 4052 forma
1056 3990 1159 4071 recipi
1185 3988 1317 4052 faciatis
1341 4002 1373 4052 et
1397 3990 1530 4053 admitti

428 4088 619 4152 secundum
660 4088 805 4152 formam
846 4088 1082 4152 ordinacionis
1117 4088 1218 4171 officij
1251 4089 1424 4152 antedicti.
1493 4090 1530 4152 ln

428 4189 527 4254 cuius
571 4189 615 4252 rei
664 4189 900 4252 testimonium
946 4189 1165 4271 presentibus
1210 4190 1366 4271 sigillum
1417 4210 1529 4253 meum

427 4288 587 4372 apposui.
649 4288 727 4351 Dat.
760 4288 881 4350 vltimo
912 4289 967 4353 die
1000 4288 1130 4352 mensis
1164 4288 1297 4371 Marcij,
1327 4310 1421 4352 anno
1450 4289 1530 4351 ll'ni

431 4388 578 4451 Mill'mo
595 4388 943 4471 quadringentesimo
960 4389 1223 4471 septuagesimo
1240 4389 1404 4452 secunde.

264 4560 285 4602 2,
301 4544 374 4610 April
387 4547 410 4595 8.
518 4538 590 4602 Nos
623 4537 738 4619 itaque
766 4536 965 4618 Capitulum
1001 4537 1190 4619 predictum
1222 4537 1391 4620 predictas
1417 4538 1532 4601 literas

429 4637 657 4720 inspeximus,
691 4656 732 4699 ac
769 4635 887 4699 omnia
918 4651 951 4699 et
982 4636 1124 4719 singula
1156 4637 1189 4698 in
1228 4638 1313 4720 ipsis
1344 4638 1526 4707 contentis,

429 4738 546 4803 habita
576 4736 762 4821 superinde
793 4724 1047 4800 deliberacione
1077 4736 1236 4821 diligenti
1271 4738 1530 4812 intelleximus;
