<?xml version="1.0" encoding="UTF-8"?>
<!DOCTYPE html PUBLIC "-//W3C//DTD XHTML 1.0 Transitional//EN"
    "http://www.w3.org/TR/xhtml1/DTD/xhtml1-transitional.dtd">
<html xmlns="http://www.w3.org/1999/xhtml" xml:lang="en" lang="en">
 <head>
  <title>
</title>
<meta http-equiv="Content-Type" content="text/html;charset=utf-8" />
  <meta name='ocr-system' content='tesseract 3.04.00' />
  <meta name='ocr-capabilities' content='ocr_page ocr_carea ocr_par ocr_line ocrx_word'/>
</head>
<body>
  <div class='ocr_page' id='page_1' title='image "./memorialschurch00fowlgoog_0056.png"; bbox 0 0 3950 5625; ppageno 0'>
   <div class='ocr_carea' id='block_1_1' title="bbox 502 718 1322 801">
    <p class='ocr_par' dir='ltr' id='par_1_1' title="bbox 502 718 1322 801">
     <span class='ocr_line' id='line_1_1' title="bbox 502 718 1322 801; baseline -0.002 -18"><span class='ocrx_word' id='word_1_1' title='bbox 502 721 539 783; x_wconf 90' lang='lat'>18</span> <span class='ocrx_word' id='word_1_2' title='bbox 771 718 855 782; x_wconf 77' lang='lat' dir='ltr'>Tim</span> <span class='ocrx_word' id='word_1_3' title='bbox 882 719 1036 801; x_wconf 75' lang='lat' dir='ltr'>luortnv</span> <span class='ocrx_word' id='word_1_4' title='bbox 1063 718 1322 781; x_wconf 78' lang='lat' dir='ltr'>Mnuuscnrrr.</span> 
     </span>
    </p>
   </div>
   <div class='ocr_carea' id='block_1_2' title="bbox 497 891 1605 1356">
    <p class='ocr_par' dir='ltr' id='par_1_2' title="bbox 497 891 1605 1356">
     <span class='ocr_line' id='line_1_2' title="bbox 499 891 1600 977; baseline -0.004 -21"><span class='ocrx_word' id='word_1_5' title='bbox 499 894 639 976; x_wconf 87' lang='lat' dir='ltr'>iniquis,</span> <span class='ocrx_word' id='word_1_6' title='bbox 659 916 700 958; x_wconf 88' lang='lat' dir='ltr'>ex</span> <span class='ocrx_word' id='word_1_7' title='bbox 720 907 814 976; x_wconf 91' lang='lat' dir='ltr'>parte</span> <span class='ocrx_word' id='word_1_8' title='bbox 830 906 862 957; x_wconf 92' lang='lat' dir='ltr'>et</span> <span class='ocrx_word' id='word_1_9' title='bbox 888 914 948 977; x_wconf 93' lang='lat' dir='ltr'>per</span> <span class='ocrx_word' id='word_1_10' title='bbox 972 905 1102 976; x_wconf 91' lang='lat' dir='ltr'>partem</span> <span class='ocrx_word' id='word_1_11' title='bbox 1122 892 1273 975; x_wconf 83' lang='lat' dir='ltr'>Capituli</span> <span class='ocrx_word' id='word_1_12' title='bbox 1290 904 1324 956; x_wconf 85' lang='lat' dir='ltr'>et</span> <span class='ocrx_word' id='word_1_13' title='bbox 1341 891 1600 956; x_wconf 90' lang='lat' dir='ltr'>Canonicorum</span> 
     </span>
     <span class='ocr_line' id='line_1_3' title="bbox 499 990 1601 1077; baseline -0.005 -21"><span class='ocrx_word' id='word_1_14' title='bbox 499 994 742 1077; x_wconf 89' lang='lat' dir='ltr'>predictorum,</span> <span class='ocrx_word' id='word_1_15' title='bbox 777 992 820 1055; x_wconf 92' lang='lat' dir='ltr'>ad</span> <span class='ocrx_word' id='word_1_16' title='bbox 860 1014 923 1055; x_wconf 90' lang='lat' dir='ltr'>vos</span> <span class='ocrx_word' id='word_1_17' title='bbox 963 991 1195 1056; x_wconf 89' lang='lat' dir='ltr'>venerabilem</span> <span class='ocrx_word' id='word_1_18' title='bbox 1238 1003 1368 1074; x_wconf 90' lang='lat' dir='ltr'>patrem</span> <span class='ocrx_word' id='word_1_19' title='bbox 1410 990 1601 1073; x_wconf 88' lang='lat' dir='ltr'>predictum</span> 
     </span>
     <span class='ocr_line' id='line_1_4' title="bbox 498 1089 1605 1176; baseline -0.006 -19"><span class='ocrx_word' id='word_1_20' title='bbox 498 1093 609 1157; x_wconf 90' lang='lat' dir='ltr'>extitit</span> <span class='ocrx_word' id='word_1_21' title='bbox 625 1105 657 1156; x_wconf 90' lang='lat' dir='ltr'>et</span> <span class='ocrx_word' id='word_1_22' title='bbox 673 1105 726 1157; x_wconf 90' lang='lat' dir='ltr'>est</span> <span class='ocrx_word' id='word_1_23' title='bbox 745 1091 900 1176; x_wconf 81' lang='lat' dir='ltr'>legitime</span> <span class='ocrx_word' id='word_1_24' title='bbox 921 1093 1147 1174; x_wconf 87' lang='lat' dir='ltr'>appellatum,</span> <span class='ocrx_word' id='word_1_25' title='bbox 1167 1104 1200 1154; x_wconf 91' lang='lat' dir='ltr'>et</span> <span class='ocrx_word' id='word_1_26' title='bbox 1221 1112 1280 1173; x_wconf 91' lang='lat' dir='ltr'>per</span> <span class='ocrx_word' id='word_1_27' title='bbox 1303 1091 1414 1154; x_wconf 89' lang='lat' dir='ltr'>dictos</span> <span class='ocrx_word' id='word_1_28' title='bbox 1431 1089 1605 1154; x_wconf 85' lang='lat' dir='ltr'>Commis-</span> 
     </span>
     <span class='ocr_line' id='line_1_5' title="bbox 498 1189 1602 1274; baseline -0.005 -18"><span class='ocrx_word' id='word_1_29' title='bbox 498 1193 609 1256; x_wconf 93' lang='lat' dir='ltr'>sarios</span> <span class='ocrx_word' id='word_1_30' title='bbox 641 1205 774 1257; x_wconf 89' lang='lat' dir='ltr'>vestros</span> <span class='ocrx_word' id='word_1_31' title='bbox 807 1191 934 1274; x_wconf 87' lang='lat' dir='ltr'>prefate</span> <span class='ocrx_word' id='word_1_32' title='bbox 965 1191 1198 1274; x_wconf 89' lang='lat' dir='ltr'>appellacioni</span> <span class='ocrx_word' id='word_1_33' title='bbox 1233 1202 1427 1254; x_wconf 88' lang='lat' dir='ltr'>reuerenter</span> <span class='ocrx_word' id='word_1_34' title='bbox 1454 1189 1602 1271; x_wconf 91' lang='lat' dir='ltr'>paritum</span> 
     </span>
     <span class='ocr_line' id='line_1_6' title="bbox 497 1292 836 1356; baseline -0.003 0"><span class='ocrx_word' id='word_1_35' title='bbox 497 1292 606 1356; x_wconf 93' lang='lat' dir='ltr'>eciam</span> <span class='ocrx_word' id='word_1_36' title='bbox 624 1305 658 1356; x_wconf 90' lang='lat' dir='ltr'>et</span> <span class='ocrx_word' id='word_1_37' title='bbox 673 1292 836 1356; x_wconf 90' lang='lat' dir='ltr'>delatum.</span> 
     </span>
    </p>
   </div>
   <div class='ocr_carea' id='block_1_3' title="bbox 285 1477 1612 4250">
    <p class='ocr_par' dir='ltr' id='par_1_3' title="bbox 285 1477 1612 4250">
     <span class='ocr_line' id='line_1_7' title="bbox 286 1477 1605 1566; baseline -0.002 -24"><span class='ocrx_word' id='word_1_38' title='bbox 286 1482 446 1531; x_wconf 79' lang='lat' dir='ltr'>Wheresore</span> <span class='ocrx_word' id='word_1_39' title='bbox 586 1479 703 1566; x_wconf 80' lang='lat' dir='ltr'>Quare</span> <span class='ocrx_word' id='word_1_40' title='bbox 729 1481 811 1563; x_wconf 92' lang='lat' dir='ltr'>petit</span> <span class='ocrx_word' id='word_1_41' title='bbox 835 1481 947 1545; x_wconf 92' lang='lat' dir='ltr'>dictus</span> <span class='ocrx_word' id='word_1_42' title='bbox 973 1493 1175 1564; x_wconf 92' lang='lat' dir='ltr'>procurator</span> <span class='ocrx_word' id='word_1_43' title='bbox 1200 1481 1341 1543; x_wconf 92' lang='lat' dir='ltr'>nomine</span> <span class='ocrx_word' id='word_1_44' title='bbox 1366 1477 1605 1562; x_wconf 83' lang='lat' dir='ltr'>procuratorio</span> 
     </span>
     <span class='ocr_line' id='line_1_8' title="bbox 285 1549 1606 1675; baseline -0.002 -32"><span class='ocrx_word' id='word_1_45' title='bbox 285 1549 663 1675; x_wconf 49' lang='lat' dir='ltr'>{ssffg&#39;nffifsse&#39;ifpredicto</span> <span class='ocrx_word' id='word_1_46' title='bbox 696 1581 848 1663; x_wconf 87' lang='lat' dir='ltr'>probatis</span> <span class='ocrx_word' id='word_1_47' title='bbox 876 1581 908 1642; x_wconf 88' lang='lat' dir='ltr'>in</span> <span class='ocrx_word' id='word_1_48' title='bbox 939 1581 1003 1644; x_wconf 89' lang='lat' dir='ltr'>hac</span> <span class='ocrx_word' id='word_1_49' title='bbox 1032 1594 1127 1663; x_wconf 93' lang='lat' dir='ltr'>parte</span> <span class='ocrx_word' id='word_1_50' title='bbox 1151 1580 1193 1644; x_wconf 88' lang='lat' dir='ltr'>de</span> <span class='ocrx_word' id='word_1_51' title='bbox 1223 1580 1295 1642; x_wconf 92' lang='lat' dir='ltr'>iure</span> <span class='ocrx_word' id='word_1_52' title='bbox 1322 1578 1511 1662; x_wconf 81' lang='lat' dir='ltr'>probandis</span> <span class='ocrx_word' id='word_1_53' title='bbox 1542 1598 1606 1660; x_wconf 90' lang='lat' dir='ltr'>pro</span> 
     </span>
     <span class='ocr_line' id='line_1_9' title="bbox 285 1679 1607 1762; baseline 0.001 -20"><span class='ocrx_word' id='word_1_54' title='bbox 285 1679 582 1744; x_wconf 71' lang='lat' dir='ltr'>procrortoravoce</span> <span class='ocrx_word' id='word_1_55' title='bbox 613 1680 702 1744; x_wconf 90' lang='lat' dir='ltr'>dicte</span> <span class='ocrx_word' id='word_1_56' title='bbox 733 1681 985 1762; x_wconf 88' lang='lat' dir='ltr'>appellacionis</span> <span class='ocrx_word' id='word_1_57' title='bbox 1019 1701 1060 1744; x_wconf 91' lang='lat' dir='ltr'>ac</span> <span class='ocrx_word' id='word_1_58' title='bbox 1092 1692 1207 1743; x_wconf 88' lang='lat' dir='ltr'>vestra</span> <span class='ocrx_word' id='word_1_59' title='bbox 1243 1679 1496 1754; x_wconf 89' lang='lat' dir='ltr'>iurisdiccione,</span> <span class='ocrx_word' id='word_1_60' title='bbox 1536 1679 1607 1743; x_wconf 91' lang='lat' dir='ltr'>dic·</span> 
     </span>
     <span class='ocr_line' id='line_1_10' title="bbox 285 1744 1603 1862; baseline -0.001 -19"><span class='ocrx_word' id='word_1_61' title='bbox 285 1744 481 1857; x_wconf 45' lang='grc' dir='ltr'>ἶξέθςᾞῗῐιεῗῑὶθ</span> <span class='ocrx_word' id='word_1_62' title='bbox 498 1792 622 1861; x_wconf 90' lang='lat' dir='ltr'>tosque</span> <span class='ocrx_word' id='word_1_63' title='bbox 645 1780 738 1842; x_wconf 88' lang='lat' dir='ltr'>viros</span> <span class='ocrx_word' id='word_1_64' title='bbox 764 1778 1034 1843; x_wconf 88' lang='lat' dir='ltr'>Commissarios</span> <span class='ocrx_word' id='word_1_65' title='bbox 1055 1780 1144 1842; x_wconf 93' lang='lat' dir='ltr'>male</span> <span class='ocrx_word' id='word_1_66' title='bbox 1165 1793 1197 1843; x_wconf 91' lang='lat' dir='ltr'>et</span> <span class='ocrx_word' id='word_1_67' title='bbox 1220 1780 1338 1862; x_wconf 89' lang='lat' dir='ltr'>inique</span> <span class='ocrx_word' id='word_1_68' title='bbox 1355 1779 1603 1852; x_wconf 82' lang='lat' dir='ltr'>sentenciasse‚</span> 
     </span>
     <span class='ocr_line' id='line_1_11' title="bbox 497 1877 1605 1962; baseline -0.003 -19"><span class='ocrx_word' id='word_1_69' title='bbox 497 1879 703 1955; x_wconf 83' lang='lat' dir='ltr'>decreuisse,</span> <span class='ocrx_word' id='word_1_70' title='bbox 734 1892 767 1942; x_wconf 91' lang='lat' dir='ltr'>et</span> <span class='ocrx_word' id='word_1_71' title='bbox 797 1891 1057 1962; x_wconf 83' lang='lat' dir='ltr'>augmentasse,</span> <span class='ocrx_word' id='word_1_72' title='bbox 1085 1891 1118 1941; x_wconf 90' lang='lat' dir='ltr'>et</span> <span class='ocrx_word' id='word_1_73' title='bbox 1146 1879 1319 1961; x_wconf 88' lang='lat' dir='ltr'>predictos</span> <span class='ocrx_word' id='word_1_74' title='bbox 1344 1877 1545 1961; x_wconf 84' lang='lat' dir='ltr'>Capitulum</span> <span class='ocrx_word' id='word_1_75' title='bbox 1572 1891 1605 1941; x_wconf 92' lang='lat' dir='ltr'>et</span> 
     </span>
     <span class='ocr_line' id='line_1_12' title="bbox 498 1978 1608 2061; baseline -0.002 -18"><span class='ocrx_word' id='word_1_76' title='bbox 498 1979 697 2043; x_wconf 89' lang='lat' dir='ltr'>Canonicus</span> <span class='ocrx_word' id='word_1_77' title='bbox 729 1980 816 2042; x_wconf 91' lang='lat' dir='ltr'>bene</span> <span class='ocrx_word' id='word_1_78' title='bbox 855 1992 888 2042; x_wconf 92' lang='lat' dir='ltr'>et</span> <span class='ocrx_word' id='word_1_79' title='bbox 923 1979 1079 2061; x_wconf 85' lang='lat' dir='ltr'>legitime</span> <span class='ocrx_word' id='word_1_80' title='bbox 1110 1978 1309 2060; x_wconf 86' lang='lat' dir='ltr'>appellasse</span> <span class='ocrx_word' id='word_1_81' title='bbox 1343 1999 1402 2060; x_wconf 91' lang='lat' dir='ltr'>per</span> <span class='ocrx_word' id='word_1_82' title='bbox 1433 1999 1496 2041; x_wconf 83' lang='lat' dir='ltr'>vos</span> <span class='ocrx_word' id='word_1_83' title='bbox 1529 1998 1608 2060; x_wconf 91' lang='lat' dir='ltr'>pro-</span> 
     </span>
     <span class='ocr_line' id='line_1_13' title="bbox 499 2078 1607 2159; baseline -0.001 -19"><span class='ocrx_word' id='word_1_84' title='bbox 499 2078 655 2142; x_wconf 90' lang='lat' dir='ltr'>nunciari</span> <span class='ocrx_word' id='word_1_85' title='bbox 678 2092 711 2141; x_wconf 91' lang='lat' dir='ltr'>et</span> <span class='ocrx_word' id='word_1_86' title='bbox 734 2078 912 2151; x_wconf 84' lang='lat' dir='ltr'>declarari,</span> <span class='ocrx_word' id='word_1_87' title='bbox 934 2098 1068 2141; x_wconf 87' lang='lat' dir='ltr'>necnon</span> <span class='ocrx_word' id='word_1_88' title='bbox 1094 2078 1213 2140; x_wconf 93' lang='lat' dir='ltr'>omnia</span> <span class='ocrx_word' id='word_1_89' title='bbox 1237 2091 1269 2140; x_wconf 90' lang='lat' dir='ltr'>et</span> <span class='ocrx_word' id='word_1_90' title='bbox 1293 2078 1436 2159; x_wconf 89' lang='lat' dir='ltr'>singula</span> <span class='ocrx_word' id='word_1_91' title='bbox 1459 2090 1607 2159; x_wconf 90' lang='lat' dir='ltr'>attemp-</span> 
     </span>
     <span class='ocr_line' id='line_1_14' title="bbox 499 2177 1607 2261; baseline -0.002 -21"><span class='ocrx_word' id='word_1_92' title='bbox 499 2191 568 2241; x_wconf 91' lang='lat' dir='ltr'>tata</span> <span class='ocrx_word' id='word_1_93' title='bbox 585 2190 664 2261; x_wconf 91' lang='lat' dir='ltr'>post</span> <span class='ocrx_word' id='word_1_94' title='bbox 682 2191 714 2241; x_wconf 92' lang='lat' dir='ltr'>et</span> <span class='ocrx_word' id='word_1_95' title='bbox 734 2190 854 2241; x_wconf 90' lang='lat' dir='ltr'>contra</span> <span class='ocrx_word' id='word_1_96' title='bbox 876 2178 1153 2261; x_wconf 89' lang='lat' dir='ltr'>appellacionem</span> <span class='ocrx_word' id='word_1_97' title='bbox 1180 2177 1367 2259; x_wconf 87' lang='lat' dir='ltr'>predictam</span> <span class='ocrx_word' id='word_1_98' title='bbox 1395 2177 1547 2241; x_wconf 88' lang='lat' dir='ltr'>reuocari</span> <span class='ocrx_word' id='word_1_99' title='bbox 1574 2191 1607 2239; x_wconf 91' lang='lat' dir='ltr'>et</span> 
     </span>
     <span class='ocr_line' id='line_1_15' title="bbox 499 2275 1607 2359; baseline -0.005 -17"><span class='ocrx_word' id='word_1_100' title='bbox 499 2278 639 2355; x_wconf 88' lang='lat' dir='ltr'>cassari,</span> <span class='ocrx_word' id='word_1_101' title='bbox 656 2278 869 2359; x_wconf 84' lang='lat' dir='ltr'>ulteriusque</span> <span class='ocrx_word' id='word_1_102' title='bbox 883 2275 955 2339; x_wconf 90' lang='lat' dir='ltr'>fieri</span> <span class='ocrx_word' id='word_1_103' title='bbox 971 2276 1005 2338; x_wconf 91' lang='lat' dir='ltr'>in</span> <span class='ocrx_word' id='word_1_104' title='bbox 1021 2276 1201 2359; x_wconf 88' lang='lat' dir='ltr'>premissis</span> <span class='ocrx_word' id='word_1_105' title='bbox 1213 2291 1246 2340; x_wconf 93' lang='lat' dir='ltr'>et</span> <span class='ocrx_word' id='word_1_106' title='bbox 1259 2297 1299 2339; x_wconf 90' lang='lat' dir='ltr'>ea</span> <span class='ocrx_word' id='word_1_107' title='bbox 1316 2276 1607 2359; x_wconf 81' lang='lat' dir='ltr'>contingentibus</span> 
     </span>
     <span class='ocr_line' id='line_1_16' title="bbox 500 2375 1607 2459; baseline -0.004 -18"><span class='ocrx_word' id='word_1_108' title='bbox 500 2379 595 2441; x_wconf 85' lang='lat' dir='ltr'>iuxta</span> <span class='ocrx_word' id='word_1_109' title='bbox 629 2379 830 2459; x_wconf 90' lang='lat' dir='ltr'>qualitatem</span> <span class='ocrx_word' id='word_1_110' title='bbox 866 2389 899 2439; x_wconf 90' lang='lat' dir='ltr'>et</span> <span class='ocrx_word' id='word_1_111' title='bbox 939 2388 1096 2438; x_wconf 90' lang='lat' dir='ltr'>naturam</span> <span class='ocrx_word' id='word_1_112' title='bbox 1136 2376 1325 2439; x_wconf 86' lang='lat' dir='ltr'>eorundem</span> <span class='ocrx_word' id='word_1_113' title='bbox 1367 2376 1400 2438; x_wconf 94' lang='lat' dir='ltr'>in</span> <span class='ocrx_word' id='word_1_114' title='bbox 1440 2375 1607 2438; x_wconf 88' lang='lat' dir='ltr'>omnibus</span> 
     </span>
     <span class='ocr_line' id='line_1_17' title="bbox 500 2476 1600 2559; baseline -0.003 -18"><span class='ocrx_word' id='word_1_115' title='bbox 500 2477 634 2541; x_wconf 90' lang='lat' dir='ltr'>iusticie</span> <span class='ocrx_word' id='word_1_116' title='bbox 657 2478 963 2559; x_wconf 89' lang='lat' dir='ltr'>complementum.</span> <span class='ocrx_word' id='word_1_117' title='bbox 1025 2476 1101 2538; x_wconf 92' lang='lat' dir='ltr'>Hec</span> <span class='ocrx_word' id='word_1_118' title='bbox 1124 2476 1217 2551; x_wconf 83' lang='lat' dir='ltr'>dicit,</span> <span class='ocrx_word' id='word_1_119' title='bbox 1246 2476 1419 2558; x_wconf 88' lang='lat' dir='ltr'>proponit,</span> <span class='ocrx_word' id='word_1_120' title='bbox 1447 2491 1480 2539; x_wconf 92' lang='lat' dir='ltr'>et</span> <span class='ocrx_word' id='word_1_121' title='bbox 1505 2476 1600 2558; x_wconf 83' lang='lat' dir='ltr'>petit,</span> 
     </span>
     <span class='ocr_line' id='line_1_18' title="bbox 498 2575 1608 2659; baseline -0.001 -20"><span class='ocrx_word' id='word_1_122' title='bbox 498 2597 539 2640; x_wconf 89' lang='lat' dir='ltr'>ac</span> <span class='ocrx_word' id='word_1_123' title='bbox 557 2579 702 2659; x_wconf 89' lang='lat' dir='ltr'>probare</span> <span class='ocrx_word' id='word_1_124' title='bbox 720 2575 868 2639; x_wconf 90' lang='lat' dir='ltr'>intendit</span> <span class='ocrx_word' id='word_1_125' title='bbox 883 2575 997 2638; x_wconf 88' lang='lat' dir='ltr'>dictus</span> <span class='ocrx_word' id='word_1_126' title='bbox 1022 2588 1233 2657; x_wconf 87' lang='lat' dir='ltr'>procurator,</span> <span class='ocrx_word' id='word_1_127' title='bbox 1256 2575 1396 2637; x_wconf 91' lang='lat' dir='ltr'>nomine</span> <span class='ocrx_word' id='word_1_128' title='bbox 1413 2597 1483 2656; x_wconf 90' lang='lat' dir='ltr'>quo</span> <span class='ocrx_word' id='word_1_129' title='bbox 1500 2596 1608 2657; x_wconf 90' lang='lat' dir='ltr'>supra</span> 
     </span>
     <span class='ocr_line' id='line_1_19' title="bbox 499 2674 1604 2759; baseline -0.002 -20"><span class='ocrx_word' id='word_1_130' title='bbox 499 2675 711 2739; x_wconf 91' lang='lat' dir='ltr'>coniunctim</span> <span class='ocrx_word' id='word_1_131' title='bbox 752 2688 785 2739; x_wconf 94' lang='lat' dir='ltr'>et</span> <span class='ocrx_word' id='word_1_132' title='bbox 819 2674 972 2749; x_wconf 83' lang='lat' dir='ltr'>diuisim,</span> <span class='ocrx_word' id='word_1_133' title='bbox 1011 2675 1081 2759; x_wconf 86' lang='lat' dir='ltr'>Jur&#39;</span> <span class='ocrx_word' id='word_1_134' title='bbox 1118 2674 1287 2738; x_wconf 88' lang='lat' dir='ltr'>beneficio</span> <span class='ocrx_word' id='word_1_135' title='bbox 1321 2695 1459 2757; x_wconf 88' lang='lat' dir='ltr'>semper</span> <span class='ocrx_word' id='word_1_136' title='bbox 1492 2677 1604 2744; x_wconf 86' lang='lat' dir='ltr'>saluo.</span> 
     </span>
     <span class='ocr_line' id='line_1_20' title="bbox 503 2773 1608 2859; baseline -0.001 -20"><span class='ocrx_word' id='word_1_137' title='bbox 503 2776 659 2859; x_wconf 88' lang='lat' dir='ltr'>Litisque</span> <span class='ocrx_word' id='word_1_138' title='bbox 690 2775 947 2839; x_wconf 90' lang='lat' dir='ltr'>contestacione</span> <span class='ocrx_word' id='word_1_139' title='bbox 979 2776 1094 2838; x_wconf 90' lang='lat' dir='ltr'>verbis</span> <span class='ocrx_word' id='word_1_140' title='bbox 1128 2774 1302 2857; x_wconf 83' lang='lat' dir='ltr'>negatinis</span> <span class='ocrx_word' id='word_1_141' title='bbox 1330 2773 1418 2838; x_wconf 87' lang='lat' dir='ltr'>facta</span> <span class='ocrx_word' id='word_1_142' title='bbox 1450 2775 1608 2859; x_wconf 83' lang='lat' dir='ltr'>legitime</span> 
     </span>
     <span class='ocr_line' id='line_1_21' title="bbox 500 2875 1605 2958; baseline -0.001 -19"><span class='ocrx_word' id='word_1_143' title='bbox 500 2876 542 2939; x_wconf 89' lang='lat' dir='ltr'>ad</span> <span class='ocrx_word' id='word_1_144' title='bbox 572 2875 720 2939; x_wconf 90' lang='lat' dir='ltr'>eundem</span> <span class='ocrx_word' id='word_1_145' title='bbox 753 2889 786 2939; x_wconf 91' lang='lat' dir='ltr'>et</span> <span class='ocrx_word' id='word_1_146' title='bbox 818 2897 878 2958; x_wconf 92' lang='lat' dir='ltr'>per</span> <span class='ocrx_word' id='word_1_147' title='bbox 908 2888 1094 2957; x_wconf 91' lang='lat' dir='ltr'>vtrumque</span> <span class='ocrx_word' id='word_1_148' title='bbox 1125 2876 1294 2939; x_wconf 90' lang='lat' dir='ltr'>dictorum</span> <span class='ocrx_word' id='word_1_149' title='bbox 1329 2890 1605 2957; x_wconf 86' lang='lat' dir='ltr'>procuratorum,</span> 
     </span>
     <span class='ocr_line' id='line_1_22' title="bbox 502 2973 1609 3056; baseline 0 -18"><span class='ocrx_word' id='word_1_150' title='bbox 502 2976 696 3039; x_wconf 90' lang='lat' dir='ltr'>iuramento</span> <span class='ocrx_word' id='word_1_151' title='bbox 735 2975 934 3056; x_wconf 90' lang='lat' dir='ltr'>calumpnie</span> <span class='ocrx_word' id='word_1_152' title='bbox 973 2986 1006 3037; x_wconf 90' lang='lat' dir='ltr'>et</span> <span class='ocrx_word' id='word_1_153' title='bbox 1040 2975 1082 3038; x_wconf 90' lang='lat' dir='ltr'>de</span> <span class='ocrx_word' id='word_1_154' title='bbox 1114 2975 1256 3038; x_wconf 85' lang='lat' dir='ltr'>veritate</span> <span class='ocrx_word' id='word_1_155' title='bbox 1287 2973 1433 3037; x_wconf 87' lang='lat' dir='ltr'>dicenda</span> <span class='ocrx_word' id='word_1_156' title='bbox 1467 2976 1609 3038; x_wconf 91' lang='lat' dir='ltr'>nomine</span> 
     </span>
     <span class='ocr_line' id='line_1_23' title="bbox 500 3075 1610 3157; baseline 0 -19"><span class='ocrx_word' id='word_1_157' title='bbox 500 3075 723 3139; x_wconf 89' lang='lat' dir='ltr'>dominorum</span> <span class='ocrx_word' id='word_1_158' title='bbox 771 3095 912 3138; x_wconf 91' lang='lat' dir='ltr'>suorum</span> <span class='ocrx_word' id='word_1_159' title='bbox 958 3075 1185 3156; x_wconf 90' lang='lat' dir='ltr'>solempniter</span> <span class='ocrx_word' id='word_1_160' title='bbox 1225 3075 1376 3156; x_wconf 67' lang='lat' dir='ltr'>prestito</span> <span class='ocrx_word' id='word_1_161' title='bbox 1420 3076 1610 3157; x_wconf 89' lang='lat' dir='ltr'>propositis</span> 
     </span>
     <span class='ocr_line' id='line_1_24' title="bbox 501 3173 1609 3257; baseline 0 -19"><span class='ocrx_word' id='word_1_162' title='bbox 501 3174 609 3239; x_wconf 87' lang='lat' dir='ltr'>eciam</span> <span class='ocrx_word' id='word_1_163' title='bbox 644 3194 705 3257; x_wconf 92' lang='lat' dir='ltr'>per</span> <span class='ocrx_word' id='word_1_164' title='bbox 740 3186 870 3256; x_wconf 89' lang='lat' dir='ltr'>partem</span> <span class='ocrx_word' id='word_1_165' title='bbox 910 3173 1144 3254; x_wconf 87' lang='lat' dir='ltr'>appellantem</span> <span class='ocrx_word' id='word_1_166' title='bbox 1184 3173 1394 3254; x_wconf 86' lang='lat' dir='ltr'>quibusdam</span> <span class='ocrx_word' id='word_1_167' title='bbox 1437 3175 1609 3256; x_wconf 90' lang='lat' dir='ltr'>pretensis</span> 
     </span>
     <span class='ocr_line' id='line_1_25' title="bbox 503 3272 1609 3356; baseline 0.002 -21"><span class='ocrx_word' id='word_1_168' title='bbox 503 3273 746 3356; x_wconf 89' lang='lat' dir='ltr'>iniquitatibus</span> <span class='ocrx_word' id='word_1_169' title='bbox 763 3285 883 3336; x_wconf 92' lang='lat' dir='ltr'>contra</span> <span class='ocrx_word' id='word_1_170' title='bbox 899 3272 1111 3336; x_wconf 90' lang='lat' dir='ltr'>sentenciam</span> <span class='ocrx_word' id='word_1_171' title='bbox 1131 3274 1234 3335; x_wconf 90' lang='lat' dir='ltr'>latam</span> <span class='ocrx_word' id='word_1_172' title='bbox 1261 3294 1321 3355; x_wconf 90' lang='lat' dir='ltr'>per</span> <span class='ocrx_word' id='word_1_173' title='bbox 1338 3272 1609 3337; x_wconf 84' lang='lat' dir='ltr'>Commissarios</span> 
     </span>
     <span class='ocr_line' id='line_1_26' title="bbox 502 3371 1610 3453; baseline 0 -16"><span class='ocrx_word' id='word_1_174' title='bbox 502 3373 706 3446; x_wconf 70' lang='lat' dir='ltr'>antedictos</span> <span class='ocrx_word' id='word_1_175' title='bbox 738 3372 905 3436; x_wconf 89' lang='lat' dir='ltr'>Termino</span> <span class='ocrx_word' id='word_1_176' title='bbox 936 3372 1045 3435; x_wconf 93' lang='lat' dir='ltr'>eciam</span> <span class='ocrx_word' id='word_1_177' title='bbox 1074 3372 1154 3435; x_wconf 92' lang='lat' dir='ltr'>dato</span> <span class='ocrx_word' id='word_1_178' title='bbox 1182 3371 1224 3434; x_wconf 90' lang='lat' dir='ltr'>acl</span> <span class='ocrx_word' id='word_1_179' title='bbox 1251 3374 1478 3453; x_wconf 89' lang='lat' dir='ltr'>proponenda</span> <span class='ocrx_word' id='word_1_180' title='bbox 1504 3374 1610 3437; x_wconf 90' lang='lat' dir='ltr'>intro-</span> 
     </span>
     <span class='ocr_line' id='line_1_27' title="bbox 502 3470 1610 3555; baseline 0 -19"><span class='ocrx_word' id='word_1_181' title='bbox 502 3472 661 3537; x_wconf 88' lang='lat' dir='ltr'>ducenda</span> <span class='ocrx_word' id='word_1_182' title='bbox 678 3472 797 3535; x_wconf 89' lang='lat' dir='ltr'>omnia</span> <span class='ocrx_word' id='word_1_183' title='bbox 815 3474 847 3534; x_wconf 87' lang='lat' dir='ltr'>in</span> <span class='ocrx_word' id='word_1_184' title='bbox 866 3470 955 3535; x_wconf 87' lang='lat' dir='ltr'>facto</span> <span class='ocrx_word' id='word_1_185' title='bbox 980 3471 1221 3547; x_wconf 86' lang='lat' dir='ltr'>consistencia,</span> <span class='ocrx_word' id='word_1_186' title='bbox 1242 3487 1275 3535; x_wconf 92' lang='lat' dir='ltr'>et</span> <span class='ocrx_word' id='word_1_187' title='bbox 1300 3473 1333 3534; x_wconf 94' lang='lat' dir='ltr'>in</span> <span class='ocrx_word' id='word_1_188' title='bbox 1358 3474 1507 3535; x_wconf 91' lang='lat' dir='ltr'>termino</span> <span class='ocrx_word' id='word_1_189' title='bbox 1532 3474 1610 3555; x_wconf 92' lang='lat' dir='ltr'>ipso</span> 
     </span>
     <span class='ocr_line' id='line_1_28' title="bbox 503 3572 1608 3655; baseline -0.001 -18"><span class='ocrx_word' id='word_1_190' title='bbox 503 3572 667 3637; x_wconf 88' lang='lat' dir='ltr'>exhibitis</span> <span class='ocrx_word' id='word_1_191' title='bbox 686 3593 745 3655; x_wconf 92' lang='lat' dir='ltr'>per</span> <span class='ocrx_word' id='word_1_192' title='bbox 766 3584 896 3654; x_wconf 91' lang='lat' dir='ltr'>partem</span> <span class='ocrx_word' id='word_1_193' title='bbox 920 3572 1154 3654; x_wconf 90' lang='lat' dir='ltr'>appellantem</span> <span class='ocrx_word' id='word_1_194' title='bbox 1178 3572 1376 3654; x_wconf 82' lang='lat' dir='ltr'>predictam,</span> <span class='ocrx_word' id='word_1_195' title='bbox 1397 3573 1608 3653; x_wconf 86' lang='lat' dir='ltr'>quibusdam</span> 
     </span>
     <span class='ocr_line' id='line_1_29' title="bbox 506 3669 1610 3755; baseline 0.002 -22"><span class='ocrx_word' id='word_1_196' title='bbox 506 3671 809 3754; x_wconf 90' lang='lat' dir='ltr'>proposicionibus</span> <span class='ocrx_word' id='word_1_197' title='bbox 838 3671 922 3734; x_wconf 91' lang='lat' dir='ltr'>iuris</span> <span class='ocrx_word' id='word_1_198' title='bbox 949 3682 982 3733; x_wconf 90' lang='lat' dir='ltr'>et</span> <span class='ocrx_word' id='word_1_199' title='bbox 1014 3669 1091 3733; x_wconf 88' lang='lat' dir='ltr'>lacti</span> <span class='ocrx_word' id='word_1_200' title='bbox 1123 3671 1360 3755; x_wconf 91' lang='lat' dir='ltr'>allegaciones</span> <span class='ocrx_word' id='word_1_201' title='bbox 1391 3692 1451 3734; x_wconf 89' lang='lat' dir='ltr'>seu</span> <span class='ocrx_word' id='word_1_202' title='bbox 1484 3693 1610 3736; x_wconf 88' lang='lat' dir='ltr'>causas</span> 
     </span>
     <span class='ocr_line' id='line_1_30' title="bbox 504 3770 1606 3852; baseline 0.001 -18"><span class='ocrx_word' id='word_1_203' title='bbox 504 3770 764 3834; x_wconf 91' lang='lat' dir='ltr'>continentibus</span> <span class='ocrx_word' id='word_1_204' title='bbox 783 3782 921 3852; x_wconf 91' lang='lat' dir='ltr'>propter</span> <span class='ocrx_word' id='word_1_205' title='bbox 939 3790 1038 3850; x_wconf 81' lang='lat' dir='ltr'>quas,</span> <span class='ocrx_word' id='word_1_206' title='bbox 1059 3782 1094 3831; x_wconf 93' lang='lat' dir='ltr'>vt</span> <span class='ocrx_word' id='word_1_207' title='bbox 1115 3770 1380 3851; x_wconf 90' lang='lat' dir='ltr'>pretendebatur</span> <span class='ocrx_word' id='word_1_208' title='bbox 1404 3772 1437 3833; x_wconf 94' lang='lat' dir='ltr'>in</span> <span class='ocrx_word' id='word_1_209' title='bbox 1462 3770 1606 3846; x_wconf 86' lang='lat' dir='ltr'>eisdem,</span> 
     </span>
     <span class='ocr_line' id='line_1_31' title="bbox 505 3869 1608 3952; baseline 0 -19"><span class='ocrx_word' id='word_1_210' title='bbox 505 3869 751 3952; x_wconf 88' lang='lat' dir='ltr'>augmentacio</span> <span class='ocrx_word' id='word_1_211' title='bbox 792 3870 994 3951; x_wconf 88' lang='lat' dir='ltr'>porcionum</span> <span class='ocrx_word' id='word_1_212' title='bbox 1034 3869 1239 3932; x_wconf 90' lang='lat' dir='ltr'>vicariarum</span> <span class='ocrx_word' id='word_1_213' title='bbox 1274 3870 1502 3951; x_wconf 85' lang='lat' dir='ltr'>predictarum</span> <span class='ocrx_word' id='word_1_214' title='bbox 1538 3891 1608 3934; x_wconf 94' lang='lat' dir='ltr'>non</span> 
     </span>
     <span class='ocr_line' id='line_1_32' title="bbox 313 3968 1607 4050; baseline 0.002 -21"><span class='ocrx_word' id='word_1_215' title='bbox 313 3979 492 4029; x_wconf 73' lang='lat' dir='ltr'>TheCanons</span> <span class='ocrx_word' id='word_1_216' title='bbox 506 3969 616 4033; x_wconf 85' lang='lat' dir='ltr'>suerat</span> <span class='ocrx_word' id='word_1_217' title='bbox 639 3968 806 4045; x_wconf 84' lang='lat' dir='ltr'>facienda,</span> <span class='ocrx_word' id='word_1_218' title='bbox 826 3970 965 4050; x_wconf 69' lang='lat' dir='ltr'>quibus</span> <span class='ocrx_word' id='word_1_219' title='bbox 986 3982 1158 4050; x_wconf 91' lang='lat' dir='ltr'>quatenus</span> <span class='ocrx_word' id='word_1_220' title='bbox 1184 3969 1217 4032; x_wconf 91' lang='lat' dir='ltr'>in</span> <span class='ocrx_word' id='word_1_221' title='bbox 1243 3968 1332 4032; x_wconf 86' lang='lat' dir='ltr'>facto</span> <span class='ocrx_word' id='word_1_222' title='bbox 1357 3971 1607 4044; x_wconf 87' lang='lat' dir='ltr'>consistabant‚</span> 
     </span>
     <span class='ocr_line' id='line_1_33' title="bbox 292 4054 1612 4174; baseline 0.002 -42"><span class='ocrx_word' id='word_1_223' title='bbox 292 4054 432 4174; x_wconf 52' lang='lat' dir='ltr'>ssffi‘ffia</span> <span class='ocrx_word' id='word_1_224' title='bbox 507 4069 646 4132; x_wconf 92' lang='lat' dir='ltr'>demum</span> <span class='ocrx_word' id='word_1_225' title='bbox 671 4082 749 4150; x_wconf 90' lang='lat' dir='ltr'>post</span> <span class='ocrx_word' id='word_1_226' title='bbox 764 4068 934 4131; x_wconf 88' lang='lat' dir='ltr'>diutinam</span> <span class='ocrx_word' id='word_1_227' title='bbox 952 4069 1214 4132; x_wconf 90' lang='lat' dir='ltr'>altercacionem</span> <span class='ocrx_word' id='word_1_228' title='bbox 1235 4070 1386 4132; x_wconf 92' lang='lat' dir='ltr'>habitam</span> <span class='ocrx_word' id='word_1_229' title='bbox 1412 4091 1517 4152; x_wconf 88' lang='lat' dir='ltr'>super</span> <span class='ocrx_word' id='word_1_230' title='bbox 1542 4072 1612 4134; x_wconf 90' lang='lat' dir='ltr'>illis</span> 
     </span>
     <span class='ocr_line' id='line_1_34' title="bbox 292 4168 1609 4250; baseline 0.002 -19"><span class='ocrx_word' id='word_1_231' title='bbox 292 4178 391 4225; x_wconf 84' lang='lat' dir='ltr'>absent</span> <span class='ocrx_word' id='word_1_232' title='bbox 409 4177 493 4224; x_wconf 81' lang='lat' dir='ltr'>them·</span> <span class='ocrx_word' id='word_1_233' title='bbox 509 4168 641 4232; x_wconf 89' lang='lat' dir='ltr'>reiectis</span> <span class='ocrx_word' id='word_1_234' title='bbox 669 4180 702 4231; x_wconf 94' lang='lat' dir='ltr'>et</span> <span class='ocrx_word' id='word_1_235' title='bbox 730 4168 762 4229; x_wconf 94' lang='lat' dir='ltr'>in</span> <span class='ocrx_word' id='word_1_236' title='bbox 788 4189 893 4231; x_wconf 90' lang='lat' dir='ltr'>causa</span> <span class='ocrx_word' id='word_1_237' title='bbox 917 4169 1094 4241; x_wconf 78' lang='lat' dir='ltr'>concluso.</span> <span class='ocrx_word' id='word_1_238' title='bbox 1121 4190 1161 4232; x_wconf 90' lang='lat' dir='ltr'>ac</span> <span class='ocrx_word' id='word_1_239' title='bbox 1184 4173 1436 4250; x_wconf 87' lang='lat' dir='ltr'>subsequenter</span> <span class='ocrx_word' id='word_1_240' title='bbox 1460 4170 1609 4234; x_wconf 92' lang='lat' dir='ltr'>termino</span> 
     </span>
    </p>
   </div>
   <div class='ocr_carea' id='block_1_4' title="bbox 293 4241 1448 4356">
    <p class='ocr_par' dir='ltr' id='par_1_4' title="bbox 293 4241 1448 4356">
     <span class='ocr_line' id='line_1_35' title="bbox 293 4241 1448 4356; baseline -0.004 -21"><span class='ocrx_word' id='word_1_241' title='bbox 293 4241 474 4356; x_wconf 49' lang='lat' dir='ltr'>{gffiglehssn</span> <span class='ocrx_word' id='word_1_242' title='bbox 507 4266 550 4330; x_wconf 92' lang='lat' dir='ltr'>ad</span> <span class='ocrx_word' id='word_1_243' title='bbox 567 4266 728 4330; x_wconf 90' lang='lat' dir='ltr'>audiend.</span> <span class='ocrx_word' id='word_1_244' title='bbox 750 4267 961 4330; x_wconf 90' lang='lat' dir='ltr'>sentenciam</span> <span class='ocrx_word' id='word_1_245' title='bbox 982 4267 1066 4349; x_wconf 90' lang='lat' dir='ltr'>ipsis</span> <span class='ocrx_word' id='word_1_246' title='bbox 1085 4268 1239 4349; x_wconf 88' lang='lat' dir='ltr'>partibus</span> <span class='ocrx_word' id='word_1_247' title='bbox 1255 4269 1448 4349; x_wconf 79' lang='lat' dir='ltr'>assignato,</span> 
     </span>
    </p>
   </div>
   <div class='ocr_carea' id='block_1_5' title="bbox 293 4388 1611 4637">
    <p class='ocr_par' dir='ltr' id='par_1_5' title="bbox 293 4388 1611 4637">
     <span class='ocr_line' id='line_1_36' title="bbox 293 4388 422 4437; baseline 0 -16"><span class='ocrx_word' id='word_1_248' title='bbox 293 4388 375 4437; x_wconf 83' lang='lat' dir='ltr'>given</span> <span class='ocrx_word' id='word_1_249' title='bbox 388 4388 422 4421; x_wconf 89' lang='lat' dir='ltr'>on</span> 
     </span>
     <span class='ocr_line' id='line_1_37' title="bbox 295 4438 1611 4539; baseline 0.005 -24"><span class='ocrx_word' id='word_1_250' title='bbox 295 4438 482 4501; x_wconf 77' lang='lat' dir='ltr'>metrappeat.</span> <span class='ocrx_word' id='word_1_251' title='bbox 598 4455 635 4517; x_wconf 92' lang='lat' dir='ltr'>ln</span> <span class='ocrx_word' id='word_1_252' title='bbox 672 4476 742 4536; x_wconf 85' lang='lat' dir='ltr'>quo</span> <span class='ocrx_word' id='word_1_253' title='bbox 777 4455 925 4518; x_wconf 91' lang='lat' dir='ltr'>termino</span> <span class='ocrx_word' id='word_1_254' title='bbox 960 4454 1123 4537; x_wconf 90' lang='lat' dir='ltr'>Capitulo</span> <span class='ocrx_word' id='word_1_255' title='bbox 1158 4468 1191 4518; x_wconf 92' lang='lat' dir='ltr'>et</span> <span class='ocrx_word' id='word_1_256' title='bbox 1226 4454 1412 4520; x_wconf 85' lang='lat' dir='ltr'>Canonicis</span> <span class='ocrx_word' id='word_1_257' title='bbox 1449 4457 1611 4539; x_wconf 89' lang='lat' dir='ltr'>predictis</span> 
     </span>
     <span class='ocr_line' id='line_1_38' title="bbox 508 4554 1610 4637; baseline 0.004 -20"><span class='ocrx_word' id='word_1_258' title='bbox 508 4574 545 4618; x_wconf 88' lang='lat' dir='ltr'>se</span> <span class='ocrx_word' id='word_1_259' title='bbox 578 4554 827 4617; x_wconf 89' lang='lat' dir='ltr'>contumaciter</span> <span class='ocrx_word' id='word_1_260' title='bbox 856 4554 1132 4627; x_wconf 80' lang='lat' dir='ltr'>absentantibus,</span> <span class='ocrx_word' id='word_1_261' title='bbox 1166 4575 1314 4637; x_wconf 90' lang='lat' dir='ltr'>quorum</span> <span class='ocrx_word' id='word_1_262' title='bbox 1347 4556 1510 4619; x_wconf 84' lang='lat' dir='ltr'>absencia</span> <span class='ocrx_word' id='word_1_263' title='bbox 1545 4557 1610 4621; x_wconf 81' lang='lat' dir='ltr'>ttei</span> 
     </span>
    </p>
   </div>
   <div class='ocr_carea' id='block_1_6' title="bbox 510 4654 893 4740">
    <p class='ocr_par' dir='ltr' id='par_1_6' title="bbox 510 4654 893 4740">
     <span class='ocr_line' id='line_1_39' title="bbox 510 4654 893 4740; baseline -0.01 -22"><span class='ocrx_word' id='word_1_264' title='bbox 510 4655 687 4740; x_wconf 89' lang='lat' dir='ltr'>presencia</span> <span class='ocrx_word' id='word_1_265' title='bbox 704 4654 893 4735; x_wconf 88' lang='lat' dir='ltr'>supleatur‚</span> 
     </span>
    </p>
   </div>
   <div class='ocr_carea' id='block_1_7' title="bbox 0 0 1993 5625">
    <p class='ocr_par' dir='ltr' id='par_1_7' title="bbox 0 0 1993 5625">
     <span class='ocr_line' id='line_1_40' title="bbox 0 0 1993 5625; baseline 0 0"><span class='ocrx_word' id='word_1_266' title='bbox 0 0 1993 5625; x_wconf 95' lang='lat' dir='ltr'> </span> 
     </span>
    </p>
   </div>
  </div>
 </body>
</html>
