3950 5625
498 694 561 777 258
783 695 861 759 Tua
886 693 1043 759 Iucussr
1067 694 1313 758 Mnuuscnrer.

283 867 317 914 ¹¹0
337 868 407 945 sirau
424 871 483 983 {tiu
499 875 622 960 tingat,
641 875 778 958 prouiso
794 894 927 958 semper
942 873 1037 957 quod
1053 873 1081 936 si
1098 872 1221 956 aliquis
1237 871 1433 937 huiusmodi
1450 870 1618 936 Cantarie

282 941 484 1060 mdldl’dnlnle,
500 979 703 1062 Capellanus
724 999 839 1043 coram
861 978 1138 1062 quibuscumque
1159 976 1341 1059 Judicibus
1362 997 1467 1040 causa
1488 975 1618 1040 felonie

285 1067 485 1197 b¹¹f{l{{¹n}³{fe⁰f
500 1083 603 1147 fuerit
632 1069 826 1157 conuictus,
853 1082 947 1166 quod
977 1082 1080 1156 absit,
1111 1087 1146 1145 et
1176 1101 1216 1144 ea
1245 1080 1287 1145 de
1317 1101 1421 1145 causa
1450 1079 1619 1144 carcerali

296 1200 365 1275 shall
380 1202 472 1250 bede·
489 1188 655 1251 ‘custodie
703 1187 932 1270 mancipatus
980 1185 1075 1269 quod
1122 1185 1242 1249 statim
1290 1192 1368 1268 post
1415 1183 1619 1249 huiusmodi

281 1269 483 1398 fflffltffig
499 1291 753 1355 conuiccionem
778 1292 864 1355 bene
889 1290 991 1354 liceat
1016 1289 1125 1364 nobiS,
1146 1288 1338 1365 heredibus,
1367 1295 1402 1353 et
1427 1288 1616 1373 assignatis

499 1396 624 1459 nostris
639 1396 745 1459 alium
761 1394 983 1478 capellanum
999 1394 1174 1477 ydoneum
1190 1393 1234 1457 ad
1250 1394 1394 1467 eandem
1410 1392 1615 1457 Canteriam

499 1506 706 1583 presentare,
733 1506 767 1562 et
792 1499 885 1582 quod
910 1498 1106 1562 huiusmodi
1131 1497 1335 1581 Capellanus
1358 1498 1406 1562 sic
1430 1496 1615 1561 conuictus

499 1603 659 1686 deinceps
701 1610 869 1687 tanquam
911 1608 1085 1666 ammotus
1126 1608 1161 1665 et
1202 1603 1360 1686 priuatus
1404 1604 1449 1665 ab
1490 1601 1616 1664 eadem

498 1706 660 1771 Cantaria
693 1708 833 1771 omnino
867 1713 1037 1782 teneatur,
1071 1713 1106 1770 et
1139 1727 1201 1791 pro
1235 1706 1351 1770 taliter
1387 1711 1543 1770 ammoto
1577 1711 1615 1769 et

497 1811 635 1895 priuato
663 1832 723 1895 per
751 1812 962 1875 ordinarium
992 1810 1186 1894 predictum
1214 1811 1461 1894 pronuncietur
1489 1816 1525 1873 et
1555 1809 1616 1874 de·

497 1915 654 1991 claretur,
682 1937 744 1980 nec
771 1915 901 2000 aliquid
928 1916 969 1979 de
997 1914 1136 1979 redditu
1162 1916 1317 1999 predicto
1343 1935 1405 2000 pro
1431 1915 1529 1978 victu
1557 1915 1615 1978 vel

497 2021 751 2085 sustentacione
790 2041 852 2084 sua
890 2026 969 2103 post
1008 2020 1264 2084 conuiccionem
1302 2026 1337 2083 et
1376 2019 1615 2103 priuacionem

281 2125 480 2241 il·³nthh³p'
497 2124 693 2189 huiusmodi
732 2125 766 2188 in
807 2124 964 2187 luturum
1003 2124 1231 2208 quouismodo
1270 2124 1448 2208 percipiat.
1496 2124 1545 2187 Et
1584 2125 1614 2188 si

281 2195 487 2308 hairsnownrppsghn'
497 2228 620 2312 aliquis
659 2228 810 2293 eiusdem
850 2228 1010 2292 Cantarie
1050 2227 1254 2312 capellanus
1293 2228 1424 2292 meritis
1463 2227 1615 2311 notorijs

280 2338 344 2440 ἓξὲξ
355 2326 482 2441 bessf'mffs
497 2333 703 2397 temeritatis
717 2353 777 2396 sue
791 2332 927 2416 proprie
943 2332 987 2396 ad
1002 2333 1235 2416 peragendum
1249 2332 1398 2396 officium
1413 2331 1614 2396 diuinorum

293 2407 481 2508 shallabeeief‘
496 2437 668 2521 impotens
683 2443 744 2501 aut
758 2436 918 2500 inhabilis
932 2437 1100 2512 extiterit,
1116 2456 1177 2519 per
1190 2437 1401 2500 ordinarium
1415 2435 1613 2520 predictum

327 2525 432 2588 prived.
496 2547 738 2605 ammoueatur
768 2546 802 2604 et
834 2562 855 2604 a
886 2540 1061 2604 Cantaria¹
1081 2541 1236 2624 priuetur
1267 2541 1418 2605 omnino.
1466 2540 1501 2604 Si
1532 2541 1614 2625 quis

496 2651 613 2709 autem
644 2645 840 2709 huiusmodi
872 2644 1033 2708 Cantarie
1064 2644 1258 2728 Capellanis
1288 2645 1451 2720 tabernis,
1483 2651 1611 2720 scort0,

294 2751 319 2828 ‚If
334 2753 427 2830 guilty·
441 2753 470 2801 or
496 2749 676 2825 adulterio,
700 2749 932 2825 fomicacioni,
955 2769 1016 2816 seu
1038 2749 1115 2833 alijs
1137 2750 1218 2814 locis
1239 2750 1294 2814 vel
1315 2748 1405 2814 ludis
1426 2749 1554 2814 illicitis
1576 2756 1611 2814 et

292 2821 471 2935 fflssffi
496 2854 685 2918 inhonestis
709 2854 842 2918 notorie
868 2854 972 2917 luerit
996 2854 1186 2939 indulgens,
1211 2855 1275 2918 nisi
1300 2874 1360 2938 per
1382 2875 1445 2919 nos
1468 2855 1613 2919 heredes

309 2954 448 3068 correcdted
495 2978 555 3022 seu
582 2959 774 3043 assignatos
802 2958 894 3021 n'ros
922 2963 983 3022 aut
1011 2979 1193 3041 personam
1221 2958 1373 3042 predicte
1400 2959 1538 3022 ecclesie
1567 2959 1612 3024 de

310 3034 454 3149 polim.
495 3062 600 3126 Wath
633 3064 692 3146 qui
725 3083 787 3145 pro
821 3068 976 3145 tempore
1010 3063 1113 3126 fuerit
1148 3063 1240 3127 trina
1272 3063 1346 3126 vice
1379 3063 1532 3128 monitus
1565 3065 1612 3128 ab

495 3166 690 3230 huiusmodi
720 3166 918 3249 insolenciis
947 3165 1074 3230 illicitis
1103 3187 1138 3230 se
1168 3167 1352 3243 abstineat,
1383 3167 1505 3231 statim
1534 3189 1609 3244 nos

495 3269 644 3346 heredes,
669 3291 729 3334 seu
753 3270 919 3354 assignati
942 3270 1051 3334 nostri
1074 3271 1353 3355 significabimus,
1378 3277 1440 3336 aut
1462 3293 1611 3356 persona

494 3373 645 3458 predicte
663 3374 743 3439 eccl.
764 3373 805 3438 de
823 3374 929 3438 Wath
947 3375 1007 3458 qui
1025 3395 1088 3458 pro
1107 3381 1261 3459 tempore
1278 3375 1383 3440 tuerit
1401 3376 1610 3461 significabit

494 3479 692 3562 supradicto
719 3478 891 3543 ordinario
918 3485 957 3542 vt
985 3479 1059 3563 ipso
1087 3480 1284 3544 huiusmodi
1311 3479 1535 3565 Capellanum
1561 3481 1611 3546 sic

494 3589 694 3646 accusatum
718 3602 834 3646 coram
857 3583 932 3666 ipso
955 3583 1073 3647 venire
1096 3590 1131 3647 et
1155 3583 1272 3648 debite
1296 3584 1416 3669 corrigi
1436 3590 1470 3648 et
1494 3586 1610 3669 puniri

494 3687 599 3751 faciat
618 3707 680 3771 pro
699 3687 889 3751 commissis
907 3687 977 3750 suis
996 3688 1032 3751 in
1051 3688 1115 3752 hac
1134 3695 1243 3771 parte.

295 3827 353 3942 Thp
369 3829 460 3914 ,Ostap-
580 3835 757 3900 Volumus
796 3836 944 3915 insuper
985 3834 1020 3892 et
1056 3829 1265 3905 ordinamUS,
1303 3830 1396 3914 quod
1432 3830 1610 3913 predictus

304 3909 450 4018 ,2313ssch
493 3931 611 4014 Joh'es
626 3933 667 3996 de
682 3933 832 3997 Threske
847 3939 881 3996 et
895 3933 1042 4017 quilibet
1057 3953 1139 3997 suus
1153 3954 1328 3998 successor
1341 3934 1431 3998 dicte
1446 3934 1610 4001 Cantarie

493 4035 696 4120 Capellanus
714 4037 774 4121 qui
795 4058 857 4121 pro
877 4044 1032 4121 tempore
1051 4037 1165 4112 luerit,
1186 4044 1372 4122 postquam
1391 4040 1608 4124 mesuagium

492 4145 527 4203 et
541 4141 723 4224 gardinum
738 4142 937 4226 supradicta
952 4161 1013 4225 per
1027 4162 1089 4205 nos
1104 4162 1163 4205 seu
1178 4142 1434 4207 ordinacionem
1449 4150 1608 4211 nostram

492 4264 553 4328 pro
579 4244 833 4309 inhabitacione
858 4246 1010 4310 eiusdem
1034 4245 1145 4328 Joh'is
1168 4247 1211 4310 de
1236 4247 1386 4311 Threske
1411 4253 1445 4311 et
1473 4268 1608 4314 succes-

492 4368 607 4412 sorum
636 4369 775 4413 suorum
805 4350 957 4433 predicte
986 4350 1139 4414 cantarie
1169 4350 1432 4434 capellanorum
1462 4361 1501 4415 vt
1531 4373 1609 4437 pre·

491 4449 623 4516 dictum
650 4459 701 4517 est
727 4454 896 4528 iacienda,
918 4453 1013 4517 iacta
1033 4454 1161 4518 luerint
1187 4460 1222 4517 et
1247 4460 1457 4530 constmcta,
1484 4456 1609 4523 eadem

491 4557 703 4641 mesuagium
723 4564 758 4621 et
777 4558 959 4642 gardinum
979 4578 1058 4622 cum
1077 4558 1299 4642 pertinencijs
1317 4559 1517 4645 sumptibus
1535 4563 1609 4627 suis

274 4659 305 4705 to
318 4658 352 4706 be
366 4658 433 4734 repr
449 4660 476 4706 in
490 4661 638 4744 propriis
657 4668 692 4725 et
712 4662 869 4746 expensis
888 4662 1100 4727 sustentabit
1119 4668 1154 4726 et
1174 4664 1348 4746 reparabit
1367 4669 1401 4727 et
1421 4683 1461 4727 ea
1480 4665 1608 4731 suffici-

305 4726 446 4845 roffio
490 4770 587 4827 enter
617 4767 678 4848 (88)
710 4772 869 4850 reparata
897 4767 1148 4842 manutenebit,
1175 4769 1239 4831 sub
1263 4787 1354 4852 pena
1379 4770 1608 4838 ammocionis
