3950 5625
705 710 800 775 Acis
823 729 868 776 or
892 710 1071 776 CHAPTER.
1380 727 1440 792 151

337 888 502 953 mandata
533 890 602 953 fore
634 889 813 965 delusoria,
846 889 906 955 sed
936 910 998 973 pro
1029 890 1159 954 viribus
1190 889 1367 973 cupientes
1398 889 1442 953 ad

336 991 499 1056 honorem
520 993 584 1056 Dei
604 1000 639 1057 et
661 993 798 1057 ecclesie
819 1000 854 1057 et
876 994 920 1057 ad
941 994 1147 1058 vicariorum
1168 995 1386 1058 honestatem
1408 1000 1442 1057 et

334 1096 384 1160 sui
409 1096 536 1181 gradus
562 1097 757 1162 decenciam
784 1118 824 1162 ea
850 1097 993 1162 fir'miter
1018 1098 1203 1173 obseruari,
1231 1098 1442 1162 auctoritate

335 1199 482 1284 Capituli
522 1201 721 1266 ordinamus
762 1208 796 1265 et
836 1201 1034 1266 diffiniendo
1068 1203 1264 1277 statuimus,
1294 1202 1388 1286 quod
1422 1224 1442 1266 a

333 1304 472 1390 singulis
503 1305 651 1390 vicarijs,
671 1307 796 1370 nostris
826 1306 1075 1370 municionibus
1106 1313 1140 1370 et
1172 1306 1442 1371 iniunccionibus

334 1408 541 1492 supradictis
557 1431 627 1474 non
644 1410 845 1493 parentibus
862 1432 941 1474 cum
959 1411 1094 1485 effectu,
1114 1411 1156 1474 de
1173 1411 1243 1475 suis
1260 1410 1441 1494 stipendijs
1542 1483 1544 1486 ¹

334 1533 398 1597 que
417 1513 459 1577 de
477 1534 624 1578 comuna
641 1514 790 1597 Capituli
808 1515 976 1598 recipiunt
994 1536 1057 1598 pro
1073 1514 1228 1599 qualibet
1245 1514 1441 1598 septimana

333 1637 390 1681 sue
410 1619 578 1693 absencia,
604 1639 685 1700 ymo
705 1618 818 1683 verius
836 1638 896 1683 sue
915 1619 1130 1683 contumacie
1152 1625 1186 1682 et
1208 1618 1440 1683 inobediencie
1462 1626 1540 1687 They
1554 1640 1600 1673 are
1614 1630 1639 1673 t<

334 1720 416 1805 xijd.
441 1742 502 1805 per
524 1743 647 1786 manus
669 1722 851 1805 Camerarij
878 1722 1027 1806 Capituli
1050 1723 1310 1798 subtrahantur,
1333 1744 1439 1807 quam
1453 1691 1639 1808 fflgffil

333 1845 458 1908 penam
484 1825 528 1889 ad
554 1847 654 1890 vsum
680 1832 715 1890 et
741 1827 929 1891 vtilitatem
954 1827 1160 1891 vicariorum
1186 1827 1440 1891 comorancium
1471 1826 1500 1874 οἱ
1513 1826 1639 1881 absence,

307 1927 309 1932 ’
334 1929 367 1993 in
384 1930 559 1994 communi
576 1937 615 1994 vt
632 1931 787 2014 superius
804 1937 855 1994 est
873 1930 1071 1996 ordinatum
1088 1930 1247 1995 volumus
1265 1931 1439 2014 applicari.

335 2033 368 2098 Si
394 2054 476 2098 vero
503 2056 621 2116 omnes
647 2041 682 2098 et
708 2035 831 2119 singuli
858 2035 974 2118 vicarij
1006 2035 1167 2100 indurato
1194 2036 1320 2110 animo,
1348 2035 1442 2120 quod

335 2138 434 2214 absit,
472 2139 597 2203 nostris
633 2140 839 2204 iussionibus
871 2144 905 2202 et
942 2139 1116 2203 mandatis
1152 2140 1194 2203 de
1230 2139 1440 2203 comorando

335 2242 434 2306 simul
452 2249 492 2307 ut
510 2244 679 2326 prefertur
695 2264 764 2307 non
782 2244 959 2326 paruerint
978 2264 1057 2308 cum
1075 2244 1210 2318 effectu,
1230 2243 1390 2307 volumus
1408 2250 1442 2307 et

336 2346 532 2413 ordinamus
561 2347 655 2432 quod
684 2349 728 2411 ab
758 2346 966 2433 vnoqudque
996 2348 1182 2412 eorundem
1212 2368 1274 2431 pro
1303 2346 1445 2430 singulis

336 2451 535 2533 septimanis
559 2451 742 2535 inquibus
766 2452 800 2515 in
824 2452 893 2515 suis
917 2452 1135 2515 contumacia
1159 2457 1193 2514 et
1217 2451 1444 2534 proteruitate

336 2561 565 2636 perseuerant,
586 2561 621 2618 et
641 2575 819 2640 quovsque
839 2555 1001 2619 duxerint
1021 2555 1202 2619 convenire
1222 2560 1256 2617 et
1276 2555 1444 2618 comorari

338 2678 396 2740 per
423 2679 546 2722 manus
574 2658 756 2742 Camerarij
789 2659 891 2723 modo
920 2665 954 2722 et
984 2659 1095 2723 forma
1122 2658 1328 2742 supradictis
1357 2658 1441 2741 xijd.

337 2751 595 2839 subtrahantur,
628 2783 694 2849 que
725 2783 814 2846 pena
844 2763 892 2827 sic
922 2763 1065 2828 comisse
1095 2778 1150 2808 -1
1184 2762 1311 2828 fabrice
1346 2763 1444 2828 istius

337 2867 472 2930 ecclesie
495 2874 728 2932 conuertatur.
776 2867 864 2932 Acta
887 2874 968 2932 sunt
992 2869 1054 2931 hec
1077 2889 1168 2932 anno
1191 2888 1306 2932 mense
1330 2874 1364 2931 et
1389 2868 1444 2932 die
1475 2879 1639 2926 thenneso

337 2971 551 3055 supradictis
569 2972 783 3055 presentibus
800 2972 901 3036 dictis
917 2972 1054 3055 vicarijs
1070 2984 1127 3017 —2
1144 2972 1244 3054 Joh’e
1264 2972 1306 3036 de
1326 2972 1443 3036 Thum
1469 2960 1523 3058 5¹³⁰
1535 2948 1566 2993 to
1580 2944 1627 2992 ὼε

1481 3011 1556 3059 abric
1570 3011 1638 3059 fund

337 3081 370 3138 et
390 3076 544 3140 Roberto
563 3076 708 3151 Meroth,
729 3083 763 3140 et
783 3076 871 3159 alijs.

606 3217 692 3300 (223)
723 3216 764 3299 (Α
788 3217 922 3281 further
946 3216 1171 3300 lnjunction).

423 3346 464 3409 In
492 3345 556 3408 Dei
584 3345 732 3420 nomine,
761 3346 881 3409 Amen.
929 3346 1015 3410 Cum
1043 3366 1152 3429 nuper
1180 3346 1278 3409 vobis
1306 3346 1442 3410 vicariis
1519 3358 1593 3413 1408,

336 3447 435 3512 huius
451 3448 588 3512 ecclesie
607 3448 791 3533 Collegiate
811 3450 903 3513 beati
923 3449 1071 3513 Wilfridi
1089 3448 1214 3533 Rypon
1231 3450 1391 3514 omnibus
1407 3456 1441 3513 et
1491 3421 1566 3482 δεμ·
1586 3424 1625 3468 '⁸'

336 3552 474 3637 singulis
511 3573 658 3636 quorum
695 3568 752 3598 —2
790 3554 955 3618 habemus
993 3574 1055 3638 pro
1092 3554 1258 3637 expressis
1295 3555 1370 3618 vice
1407 3561 1442 3618 et

336 3657 543 3721 auctoritate
565 3656 714 3740 Capituli
736 3657 848 3721 fuerat
870 3659 1032 3721 canonice
1055 3658 1248 3721 iniunctum
1270 3657 1442 3722 monitum

336 3766 370 3823 et
400 3760 606 3825 mandatum
637 3766 676 3824 vt
707 3762 895 3826 secundum
926 3762 998 3825 vim
1030 3768 1183 3825 tenorem
1214 3768 1248 3825 et
1280 3762 1442 3826 effectum

336 3871 547 3929 statutorum
563 3865 661 3928 istius
678 3865 814 3928 ecclesie
831 3865 875 3929 ad
890 3886 1038 3949 quorum
1054 3866 1314 3930 obseruanciam
1330 3886 1392 3929 vos
1408 3872 1442 3929 et

335 3974 489 4033 vestrum
507 3969 652 4053 quilibet
672 3969 707 4033 in
726 3990 788 4032 sua
807 3969 1013 4033 admissione
1032 3968 1169 4032 vinculo
1188 3969 1370 4033 iuramenti
1390 3976 1442 4033 est

336 4073 496 4136 astrictus
528 4093 590 4156 pro
621 4093 717 4137 mora
749 4078 783 4135 et
815 4073 1074 4136 cohabitacione
1105 4072 1233 4136 vestris·
1259 4072 1293 4135 in
1325 4093 1443 4137 mensa

335 4176 509 4240 communi
532 4176 620 4240 infra
642 4177 828 4240 bedernam
851 4182 1003 4240 vestram
1026 4176 1182 4239 ordinare
1205 4181 1239 4238 et
1263 4176 1442 4259 prouidere

335 4280 536 4344 curaueritis
574 4281 720 4343 termino
758 4280 910 4364 legitimo
949 4286 983 4343 et
1022 4279 1232 4362 competenti
1269 4280 1368 4343 vobis
1406 4286 1441 4343 et

336 4390 489 4447 vestrum
510 4384 649 4468 singulis
670 4383 800 4467 prefixo
821 4389 856 4446 et
877 4384 1062 4466 assignato,
1084 4403 1146 4445 vos
1167 4387 1283 4445 tamen
1304 4381 1588 4467 J0h’emn1r0e01
1607 4420 1638 4467 th

336 4488 412 4571 Ely,
442 4488 554 4551 Ric’m
583 4488 729 4563 Morton,
758 4494 793 4551 et
821 4487 958 4570 Joh'em
986 4486 1150 4568 Quinton,
1179 4486 1277 4549 istius
1304 4484 1442 4548 ecclesie
1479 4485 1633 4601 ffiggffiofflrse

407 4641 414 4663 ¹
435 4600 563 4684 Porum—s
577 4636 606 4684 of
621 4636 649 4682 ff.
666 4638 708 4692 61,
725 4638 767 4689 62.
783 4635 854 4684 have
870 4635 939 4682 been
953 4635 1034 4680 caten
1051 4648 1138 4695 away.
1178 4632 1227 4679 We
1242 4647 1306 4696 may
1322 4633 1443 4696 perhaps
1627 4592 1633 4609 l

336 4716 437 4779 supply
454 4720 469 4737 ‘¹
481 4714 560 4777 culpe
572 4714 587 4733 ''
604 4714 676 4761 here.

406 4810 416 4833 ²
435 4806 459 4853 A
471 4806 547 4854 word
560 4819 591 4853 or
606 4808 662 4853 two
675 4819 752 4867 gone.
