3950 5625
261 3103 325 3147 alum
338 3101 368 3147 cle

261 3165 326 3214 'ardis
340 3166 375 3215 ad

262 3246 333 3281 mrun

262 3300 365 3349 llendt's.

396 699 459 764 23²
682 683 760 747 Tne
786 682 942 748 lucum(
965 682 1214 747 Mnuuscmnr.

394 862 429 926 id
453 862 678 947 exigentibus,
705 862 820 926 licebit
845 861 1005 946 Capitulo
1029 860 1167 925 ecclesie
1192 859 1350 945 predicte
1375 860 1491 924 tructus

394 966 558 1042 redditus,
589 972 623 1030 et
653 972 841 1051 prouentus
870 966 1053 1031 cuiuslibet
1082 964 1256 1050 prebende
1287 961 1489 1049 prebendarij

393 1070 440 1134 sic
460 1092 582 1155 capam
603 1071 733 1134 soluere
753 1069 953 1155 necligentis
972 1090 1032 1135 seu
1053 1069 1244 1134 recusantis
1265 1069 1302 1133 in
1323 1070 1389 1134 hac
1407 1071 1492 1153 parte

393 1180 616 1259 sequestrare,
630 1181 665 1238 et
676 1195 794 1239 eorum
806 1175 1014 1239 auctoritate
1026 1173 1068 1238 de
1080 1173 1208 1238 eisdem
1220 1173 1270 1238 sic
1280 1171 1493 1258 sequestratis

394 1279 511 1343 decem
524 1279 627 1343 libras
640 1299 701 1363 pro
714 1279 809 1343 dicta
821 1300 907 1363 capa
920 1278 1084 1363 preciosa,
1098 1277 1331 1362 dampnisque
1344 1278 1494 1342 interesse

393 1383 484 1447 dicte
500 1383 636 1447 ecclesie
651 1383 788 1447 nomine
803 1404 890 1467 pene
905 1382 999 1467 apud
1014 1403 1049 1446 se
1064 1382 1219 1457 retinere,
1239 1381 1275 1446 in
1291 1381 1493 1466 empcionem

394 1509 474 1552 vero
498 1488 693 1552 huiusmodi
717 1509 801 1572 cape
825 1487 974 1571 preciose
998 1493 1032 1551 et
1056 1507 1125 1552 non
1149 1485 1250 1550 aliter
1272 1507 1382 1570 quam
1404 1485 1494 1551 citius

392 1592 652 1666 conuertendaS,
686 1612 899 1676 quamquam
930 1592 958 1655 si
990 1592 1067 1676 quis
1099 1591 1312 1676 prebendam
1345 1591 1381 1656 in
1411 1590 1494 1655 dicta

393 1696 533 1761 ecclesia
570 1697 727 1780 adeptus
765 1703 799 1760 et
837 1697 969 1761 fructus
1006 1696 1158 1760 eiusdem
1195 1694 1313 1779 aliquo
1351 1701 1495 1780 tempore

393 1801 515 1864 minori
549 1822 655 1885 quarn
690 1801 831 1864 triennis
865 1800 1065 1885 percipiens,
1100 1800 1175 1884 ipsa
1209 1820 1251 1863 ex
1285 1818 1495 1884 quacumque

393 1926 497 1969 causa
522 1905 672 1981 dimissa,
699 1905 802 1969 aliam
827 1905 862 1969 in
888 1905 1008 1969 eadem
1033 1910 1210 1968 assecutus
1235 1903 1340 1968 fuerit
1366 1902 1497 1969 ecclesia

393 2009 603 2092 prebendam
643 2009 805 2084 eiusdem,
847 2009 929 2093 quia
968 2009 1116 2073 secunde
1157 2007 1330 2092 prebende
1373 2009 1496 2074 tructus

394 2119 494 2178 tanto
519 2120 673 2198 tempore
698 2114 896 2197 perceperit,
922 2120 1056 2197 quanto
1080 2133 1159 2177 cum
1185 2118 1342 2196 tempore
1367 2133 1496 2198 percep

394 2225 508 2282 torum
529 2218 703 2282 fructuum
724 2218 845 2301 prioris
864 2238 923 2282 sue
944 2218 1125 2301 prebende,
1149 2216 1337 2282 triennium
1357 2217 1496 2302 comple-

393 2328 469 2387 tum
489 2323 623 2387 efficiat.
671 2323 717 2386 Et
738 2329 831 2397 tunc,
852 2322 879 2385 si
899 2342 960 2406 per
978 2343 1087 2386 vnum
1107 2341 1237 2386 annum
1257 2321 1292 2386 in
1313 2321 1496 2387 tradicione

393 2426 589 2491 huiusmodi
624 2447 707 2511 cape
743 2427 912 2511 necligens
946 2447 1006 2490 seu
1042 2426 1202 2490 remissus
1237 2425 1354 2501 fuerit,
1390 2425 1497 2492 licebit

393 2531 487 2595 dicto
499 2531 659 2615 Capitulo
671 2532 814 2604 fructus
828 2530 994 2606 redditus,
1008 2536 1043 2594 et
1055 2535 1244 2615 prouentus
1256 2529 1347 2595 illius
1359 2529 1498 2596 secunde

393 2656 452 2700 sue
478 2636 650 2719 prebende
676 2656 793 2700 eorum
820 2635 1028 2699 auctoritate
1054 2634 1193 2719 propria
1218 2640 1444 2718 sequestrare,
1469 2639 1499 2699 et

393 2740 436 2803 de
456 2739 504 2804 sic
524 2740 747 2825 sequestratis
769 2739 857 2803 illius
878 2739 1049 2804 fructibus
1069 2739 1187 2803 decem
1206 2737 1312 2803 libras
1332 2760 1376 2804 ex
1396 2739 1499 2806 causis

394 2845 566 2929 premissis
592 2846 737 2909 retinere
762 2845 797 2909 in
824 2844 1037 2929 empcionem
1063 2865 1146 2928 cape
1172 2844 1326 2928 predicte
1353 2851 1500 2911 tantum·

394 2949 498 3013 modo
517 2956 557 3013 vt
576 2950 789 3033 premittitur
807 2949 1068 3013 conuertendas.

484 3090 569 3155 Cum
597 3091 715 3175 itaque
742 3091 777 3155 in
805 3091 898 3155 dicta
926 3091 1067 3155 ecclesia
1094 3090 1230 3174 Rypon'
1259 3095 1437 3157 statutum
1461 3090 1502 3155 sit

395 3201 430 3259 et
454 3195 647 3279 antiquitus
671 3195 869 3259 ordinatum
892 3195 986 3279 quod
1011 3196 1045 3259 in
1069 3195 1167 3259 terris
1190 3200 1226 3259 et
1249 3195 1411 3261 domibus
1434 3216 1502 3282 pre·

395 3299 586 3363 bendarum
608 3299 680 3363 siue
703 3300 737 3363 in
760 3299 841 3382 ipsis
863 3300 1046 3383 prebendis
1067 3299 1283 3363 dimittendis
1305 3299 1351 3365 ad
1373 3301 1503 3366 firmam

396 3426 416 3468 a
440 3410 593 3488 tempore
618 3404 769 3468 eiusdem
793 3404 918 3467 statuti
942 3424 1045 3487 super
1068 3405 1132 3468 hoc
1155 3403 1239 3468 editi
1263 3404 1457 3472 Canonicus
1477 3403 1503 3468 si

395 3508 542 3573 voluerit
573 3528 634 3593 pro
662 3508 775 3593 equali
805 3508 918 3592 precio
949 3508 1026 3591 alijs
1056 3507 1257 3593 preferatur,
1286 3514 1322 3573 et
1353 3510 1381 3574 si
1412 3528 1503 3575 secus

395 3619 512 3677 actum
536 3613 639 3677 fuerit
661 3634 730 3677 non
754 3613 869 3676 valeat
893 3612 967 3696 ipso
991 3612 1072 3677 iure.
1121 3613 1167 3676 Et
1190 3612 1438 3696 prebendarius
1460 3613 1504 3679 sic

395 3717 573 3781 dimittens
593 3717 637 3781 ad
657 3717 791 3781 firmam
811 3723 1014 3781 extraneum
1030 3716 1194 3781 canonico
1210 3715 1412 3800 preferendo
1431 3738 1501 3783 xxs.

396 3822 456 3885 tali
485 3821 680 3886 dimissione
708 3822 856 3885 durante
884 3821 1065 3885 annuatim
1094 3820 1221 3885 fabrice
1248 3820 1340 3885 dicte
1368 3823 1502 3887 ecclesie

395 3925 524 3990 soluere
567 3931 735 3990 teneatur.
784 3925 948 3990 Nonnulli
993 3932 1110 3989 tamen
1153 3925 1187 3989 in
1229 3924 1324 3989 dicta
1366 3927 1504 3992 ecclesia

395 4029 608 4113 prebendarij
632 4030 828 4094 huiusmodi
847 4035 1021 4094 statutum
1041 4030 1222 4093 obsemare
1241 4051 1310 4093 non
1330 4037 1501 4105 curantes,

395 4134 454 4198 sed
482 4133 592 4197 eidem
621 4153 738 4197 eorum
767 4134 960 4198 iuramento
989 4134 1024 4198 in
1053 4154 1093 4197 ea
1127 4138 1226 4217 parte
1261 4134 1407 4216 prestito
1436 4157 1502 4200 non

395 4239 566 4312 obstante,
596 4258 753 4321 expresse
781 4239 1090 4313 contrauenientes,
1121 4243 1302 4301 extraneos
1330 4240 1503 4304 canonicis

394 4341 594 4426 preferendo
621 4362 700 4405 suas
728 4343 919 4425 prebendas
945 4342 1027 4427 ipsis
1055 4342 1237 4418 extraneis,
1266 4362 1384 4425 ymmo
1412 4362 1502 4407 mere

394 4445 497 4521 laicis,
524 4446 569 4509 ad
594 4445 729 4509 firmam
754 4446 928 4510 dimittere
953 4468 1023 4511 non
1048 4452 1221 4520 verentur,
1249 4446 1283 4509 in
1309 4446 1501 4513 animarum

393 4570 532 4614 suarum
544 4569 648 4634 graue
660 4550 849 4633 periculum
861 4550 1021 4635 dicteque
1034 4550 1171 4625 ecclesie
1183 4569 1287 4634 graue
1299 4550 1500 4616 scandalum
1565 4599 1567 4604 -

393 4660 428 4717 et
450 4654 675 4738 preiudicium
697 4654 930 4730 manifestum,
955 4654 1026 4718 Nos
1048 4674 1140 4729 uero,
1165 4653 1385 4717 attendentes
1407 4655 1501 4739 quod

394 4758 526 4823 fructus
563 4756 616 4842 (80
629 4760 672 4843 v.)
709 4759 951 4824 beneficiorum
985 4757 1292 4823 ecclesiasticorum
1328 4758 1423 4822 laicis
1457 4758 1500 4824 ad
