3950 5625
779 598 1055 666 Cnnrutnnr.

375 875 425 952 (τό
439 875 485 952 v.)
774 871 846 952 (43)
870 869 1060 933 Acorntu.

627 982 788 1062 (Licence
811 980 864 1046 for
887 980 1039 1046 Aldlield
1064 981 1223 1064 Chapel).

459 1096 603 1160 Printed
620 1094 707 1158 from
725 1094 782 1158 the
806 1094 1045 1178 Darnbrough
1068 1094 1145 1157 MS.
1166 1095 1200 1156 in
1219 1094 1326 1156 Mem.
1347 1093 1471 1175 lr'r'pon,
1516 1108 1643 1208 ὧέἇῖἕ
1659 1168 1686 1207 m

372 1196 398 1272 Ι,
423 1197 491 1276 198.
558 1193 702 1279 lngilby
728 1194 806 1259 MS.
837 1194 902 1258 has
926 1195 1024 1258 these
1053 1194 1228 1278 readings,
1260 1193 1654 1274 “Pinkonss'egffluwss

373 1294 450 1358 “de
473 1293 607 1371 Caue,”
635 1299 657 1328 ‘⁶
671 1293 839 1359 Aldred.”

760 1434 831 1514 (44)
856 1432 1085 1496 Drscuronu.

649 1543 775 1623 (Grant
791 1543 831 1607 of
843 1545 924 1607 land
941 1542 995 1608 for
1009 1567 1030 1607 a
1046 1544 1194 1627 chapel).

455 1654 633 1719 Omnibus
660 1655 719 1737 xpi
747 1653 910 1719 fidelibus
936 1656 979 1719 ad
1011 1676 1102 1738 quos
1134 1676 1277 1739 presens
1304 1655 1469 1737 scriptum
1519 1673 1545 1711 er
1581 1675 1621 1711 esi
1660 1665 1684 1712 in

368 1755 575 1837 peruenerit,
617 1754 735 1839 Joh'es
783 1754 923 1819 Russell
970 1756 1013 1819 de
1061 1755 1203 1838 Ripon',
1244 1756 1390 1818 salutem
1436 1756 1469 1817 in
1486 1745 1570 1842 ⁰⁸32}
1586 1795 1639 1843 end
1658 1795 1689 1843 ot

369 1855 474 1920 D’no.
540 1855 718 1918 Noueritis
757 1876 812 1918 me
849 1855 968 1919 diuine
1008 1855 1145 1938 pietatis
1185 1855 1310 1917 intuitu
1344 1869 1377 1918 et
1409 1859 1639 1937 prodocument·

365 1955 478 2019 salute
516 1955 634 2018 anime
673 1975 748 2019 mee
786 1968 818 2019 et
857 1955 892 2017 in
933 1955 1172 2019 remissionem
1214 1956 1281 2035 (17)
1312 1955 1469 2017 omnium

367 2068 587 2138 peccatorum
612 2075 767 2118 meorum
790 2054 867 2118 ded.
892 2076 988 2119 conc.
1017 2066 1051 2119 et
1073 2076 1105 2138 p.
1125 2076 1153 2118 c.
1179 2077 1222 2117 m.
1246 2053 1336 2119 conf.
1363 2068 1469 2118 totam

364 2168 491 2219 terram
537 2176 648 2218 meam
692 2153 734 2217 de
779 2154 960 2219 Disceford
998 2176 1104 2237 quam
1143 2169 1244 2218 teneo
1286 2154 1328 2217 de
1370 2156 1471 2219 beato

365 2253 534 2319 Willrido
561 2268 594 2318 et
622 2254 785 2337 Capitulo
819 2253 960 2337 Ripon',
995 2255 1071 2318 Deo
1100 2255 1133 2317 in
1163 2255 1249 2317 tales
1278 2276 1362 2317 vsus
1390 2256 1472 2318 sub-

363 2355 513 2437 scriptos
536 2354 821 2427 conuertendum,
849 2354 922 2418 scil.
950 2353 994 2416 ad
1018 2355 1188 2437 capellam
1214 2353 1407 2417 faciendam
1435 2354 1468 2416 iu

365 2453 506 2537 proprio
534 2453 705 2516 territorio
732 2473 809 2516 meo
836 2453 879 2516 de
907 2453 1090 2517 Disceford
1118 2467 1151 2518 et
1176 2454 1469 2517 sustentacionem

364 2553 469 2615 vnius
500 2551 671 2634 capellani
712 2552 746 2614 in
785 2553 905 2616 eadem
938 2553 1146 2616 celebrantis
1178 2574 1240 2636 pro
1271 2575 1320 2616 sa.
1355 2553 1471 2616 anime

365 2672 440 2716 mee
464 2662 498 2715 et
521 2650 678 2714 omnium
704 2650 795 2715 fidel.
823 2652 972 2717 defunct.
1003 2653 1035 2714 in
1063 2673 1172 2735 perp,
1200 2666 1233 2716 et
1256 2653 1350 2734 quod
1380 2653 1469 2716 idem

362 2752 568 2835 capellanus
599 2751 633 2814 in
666 2751 771 2816 domo
802 2773 866 2816 sua
899 2773 1069 2835 pauperes
1102 2753 1244 2835 recipiat
1282 2765 1314 2816 et
1355 2765 1472 2835 pascat

363 2865 467 2936 prout
489 2851 635 2915 facultas
659 2852 689 2915 ei
718 2851 829 2917 fuerit.
881 2853 924 2916 Et
948 2874 1016 2936 ego
1039 2852 1157 2936 Joh’es
1183 2854 1331 2935 primum
1358 2853 1471 2935 capel-

363 2954 482 3016 lanum
511 2953 585 3016 scil.
616 2952 808 3016 Robertum
838 2954 880 3017 de
911 2953 1056 3035 Capella
1082 2954 1235 3028 institu0,
1266 2965 1299 3016 et
1331 2953 1470 3035 propria

364 3074 469 3115 manu
505 3074 583 3116 mea
617 3052 728 3116 eidem
763 3053 914 3116 sesinam
953 3053 1094 3117 confero
1129 3066 1162 3117 et
1196 3053 1359 3116 concede.
1426 3052 1470 3114 Et
1493 3050 1683 3142 ''Norfrqnod

361 3154 491 3217 solutat
529 3152 728 3233 (“soluat”
767 3154 900 3216 written
946 3156 1037 3234 over)
1083 3154 1263 3216 annuatim
1306 3117 1651 3243 Capitulo‡,‘‡{}{ii[i¹¹¹{i'e

365 3252 484 3335 Ripon
507 3251 559 3335 ijs.
583 3252 732 3336 argenti,
756 3253 829 3316 scil.
855 3253 936 3336 xijd.
961 3253 1004 3316 ad
1030 3253 1155 3317 festum
1183 3252 1301 3316 Sancti
1326 3251 1466 3313 lllartini
1485 3246 1684 3339 Disforth'sol-

364 3352 396 3414 in
426 3352 551 3426 hieme,
580 3365 613 3415 et
637 3350 683 3434 xij
711 3352 754 3415 ad
785 3353 1024 3417 Pentecosten.
1078 3354 1121 3417 Et
1146 3354 1234 3416 duas
1259 3352 1365 3416 libras
1392 3322 1526 3439 ceretii,l
1543 3321 1682 3360 annulum

362 3452 506 3517 ecclesie
533 3451 575 3514 de
600 3451 747 3533 Topklif
774 3452 807 3515 in
837 3452 892 3516 die
926 3453 1004 3518 S’ce
1033 3455 1109 3535 (sris)
1139 3452 1320 3517 Columbe.
1384 3451 1468 3514 Post
1515 3494 1647 3557 Topcrine

361 3553 542 3616 decessum
571 3572 653 3614 vero
680 3552 759 3615 dicti
789 3551 944 3628 Roberti,
972 3554 1164 3636 capitulum
1195 3552 1284 3616 beati
1311 3550 1582 3636 Wilsridichufeu
1619 3560 1640 3606 is

360 3652 403 3716 ad
432 3652 676 3715 execucionem
706 3651 810 3716 huius
839 3652 941 3717 officii
970 3654 1191 3737 capellanum
1219 3652 1381 3715 idoneum
1406 3650 1465 3733 qui
1482 3624 1628 3739 diglat&

362 3751 606 3836 parochialiter
621 3751 794 3815 deseruiat
811 3754 1001 3837 deputabit.
1047 3754 1171 3818 Dictus
1189 3774 1271 3816 vero
1292 3751 1467 3816 Robertus
1481 3756 1623 3805 Columba.

362 3865 394 3917 et
424 3852 483 3914 alii
515 3872 732 3917 successores
763 3854 822 3935 qui
856 3866 1011 3937 tempore
1046 3853 1173 3918 fuerint
1211 3852 1260 3915 sic
1297 3851 1340 3913 ad
1377 3851 1468 3914 ordi-

364 3952 545 4016 nacionem
572 3972 682 4015 meam
708 3956 894 4018 obseruare
920 3968 1105 4037 procurent
1126 3967 1162 4017 vt
1186 3974 1300 4017 coram
1329 3953 1405 4015 Deo
1432 3952 1464 4014 in

362 4051 418 4115 die
448 4050 570 4135 judicii
608 4050 698 4115 fideli
739 4054 989 4119 obseruacione
1026 4054 1191 4137 graciam,
1231 4053 1283 4116 vel
1321 4052 1349 4115 si
1387 4073 1469 4115 con-

362 4149 585 4225 trauenerint,
627 4150 910 4235 indignacionem
953 4154 1063 4237 ipsius
1105 4151 1356 4235 omnipotentis
1401 4152 1466 4215 Dei

364 4250 540 4333 recipiant.

518 4362 710 4445 (Marginal
730 4380 808 4429 note
827 4366 859 4427 in
879 4388 898 4429 a
916 4367 1000 4429 later
1017 4365 1122 4441 hand,
1143 4364 1187 4428 fo.
1214 4368 1250 4427 16
1266 4367 1311 4445 v).

452 4484 540 4548 D’ns
567 4484 610 4549 de
635 4487 665 4550 le
690 4488 801 4570 Scrop
825 4488 867 4551 de
897 4488 1022 4551 Bolton
1053 4488 1119 4549 iam
1150 4488 1254 4550 huius
1279 4487 1378 4550 lieres
1402 4500 1463 4562 est,

363 4598 396 4649 et
433 4606 634 4667 quanquam
671 4586 714 4650 sit
758 4586 845 4651 infra
886 4586 1086 4670 parochiam
1126 4587 1168 4650 de
1207 4585 1348 4669 Topclis
1369 4633 1376 4649 .
1405 4633 1412 4648 .
1441 4600 1466 4648 .1

364 4684 519 4748 libertate
536 4684 604 4748 S'ci
631 4732 639 4747 .
667 4733 674 4747 .
704 4699 729 4747 .1
750 4698 852 4750 extat.
905 4684 1123 4749 Presumitur
1138 4685 1246 4749 eciam
1264 4685 1357 4767 quod
1376 4685 1465 4749 idem

364 4795 462 4803 ...—

430 4827 437 4849 ¹
456 4822 544 4871 Eaten
556 4838 635 4887 away
649 4839 681 4871 as
694 4798 760 4887 il—by
773 4823 850 4872 mice.
