3950 5625
727 699 820 764 Acis
843 718 889 765 or
912 699 1091 766 Canama.
1402 717 1464 783 199

355 895 585 958 permansuro
632 877 799 943 Volumus
814 879 922 944 eciam
937 885 971 944 et
986 880 1185 945 ordinamus
1199 879 1292 965 quod
1308 879 1462 963 prefatus

353 979 428 1043 d’ns
464 980 631 1046 Ricardus
665 982 835 1059 Tankerd,
871 984 1068 1068 capellanus
1103 985 1194 1048 dicte
1228 982 1391 1057 cantarie,
1427 988 1462 1046 et

352 1104 469 1148 omnes
481 1091 516 1149 et
527 1085 650 1170 singuli
662 1087 714 1151 sui
725 1108 934 1152 successores
946 1088 1099 1153 eiusdem
1111 1088 1270 1152 Cantarie
1282 1086 1459 1170 capellani,

352 1190 524 1272 perpetuis
553 1191 677 1254 futuris
704 1191 1241 1321 suiNmorQusmodi
1269 1190 1460 1255 cantariam

351 1299 568 1377 occupantes
593 1315 655 1378 pro
680 1295 808 1360 salubri
832 1302 929 1361 statu
953 1322 1067 1363 nom..
1112 1319 1136 1360 ,c
1161 1295 1300 1360 Ricardi
1325 1294 1460 1358 Norton

350 1397 536 1481 Justiciarij
549 1399 748 1483 supradicti,
759 1439 802 1446 -
812 1401 1053 1465 detunctorum
1066 1401 1212 1484 (persons
1222 1399 1341 1464 named
1349 1398 1456 1482 above)

349 1501 392 1565 ad
419 1501 527 1565 altare
553 1503 619 1567 S'ci
645 1503 775 1570 Thome
801 1505 953 1588 predicte
979 1505 1120 1589 singulis
1146 1505 1276 1579 diebus
1303 1508 1458 1567 cessante
1507 1501 1636 1550 Honora.

350 1605 595 1689 impedimento
619 1607 781 1692 legitim0,
807 1608 927 1673 missas
951 1609 1069 1673 debito
1093 1609 1206 1684 modo,
1232 1608 1281 1672 ita
1304 1607 1398 1691 quod
1422 1607 1456 1671 in
1500 1583 1642 1697 &incisim

349 1710 502 1793 qualibet
549 1712 743 1795 septimana
791 1735 860 1777 vno
908 1713 962 1776 die
1010 1713 1150 1777 missam
1197 1713 1239 1776 de
1287 1711 1454 1795 Requiem
1486 1701 1653 1817 αἰξααχξαὲῑξᾷ,

348 1814 533 1879 celebrabit
559 1822 593 1880 et
620 1816 843 1881 celebrabunt
869 1817 1134 1901 imperpetuum,
1163 1815 1341 1900 presertim
1367 1815 1456 1879 inter
1497 1834 1652 1896 Thomeper

348 1918 448 1982 horas
475 1920 659 2004 septimam
687 1926 722 1984 et
750 1926 911 1985 octauam
938 1943 1041 2005 super
1070 1921 1101 1984 le
1132 1920 1239 1985 knoll1
1272 1919 1326 1983 vel
1357 1919 1455 2003 quasi
1478 1901 1660 2016 Ῐυζὲξζᾝζ·

348 2024 535 2088 secundum
563 2024 825 2108 disposicionem
853 2026 900 2089 eis
928 2048 948 2089 a
976 2026 1050 2089 Deo
1078 2026 1208 2100 datam,
1238 2031 1271 2087 et
1299 2023 1393 2108 quod
1421 2023 1456 2087 in
1533 2033 1605 2108 intro

348 2127 501 2211 qualibet
536 2130 740 2212 septimana,
777 2126 937 2205 secunda,
974 2136 1111 2215 quarta,
1148 2136 1182 2193 et
1217 2134 1316 2192 sexta
1351 2127 1454 2211 feriis,
1516 2100 1623 2162 ‘'mm''

347 2231 461 2296 dicent
497 2239 530 2296 et
566 2233 660 2297 dicat
695 2235 848 2318 ipsorum
883 2235 1043 2318 quilibet²
1079 2235 1204 2298 deuote
1240 2232 1386 2297 Placebo
1422 2237 1457 2295 et

348 2336 469 2421 Derige
487 2358 565 2401 cum
584 2337 891 2403 Commendacione
910 2359 951 2402 ex
969 2338 1081 2402 causis
1099 2337 1292 2411 antedictis,
1312 2335 1457 2400 dicendo

348 2446 382 2503 et
403 2441 563 2505 habenda
584 2441 618 2505 in
640 2443 743 2506 missa
765 2443 990 2526 spiritualiter
1010 2442 1207 2507 huiusmodi
1229 2461 1291 2524 pro
1312 2440 1400 2505 viuis
1422 2446 1456 2504 et

347 2544 528 2620 defunctis
560 2546 653 2610 Deus
683 2547 781 2611 venie
808 2547 949 2631 largitor
978 2552 1013 2610 et
1043 2547 1192 2610 humane
1218 2544 1338 2608 salutis
1364 2565 1456 2608 ama-

347 2654 428 2723 tor,3
443 2655 497 2713 etc.
554 2651 612 2724 Et,
629 2651 722 2714 Deus
736 2651 796 2734 qui
811 2651 993 2725 caritatis‚⁴
1009 2657 1062 2714 etc.
1120 2651 1309 2733 Postquam
1325 2648 1457 2712 inducti

347 2751 673 2843 fuerantjcanonice
704 2755 738 2819 in
763 2755 918 2820 cantaria
945 2755 1110 2839 predicta,
1136 2754 1200 2819 nisi
1224 2754 1311 2818 torte
1341 2752 1456 2838 aliqua

347 2856 498 2942 legitima
521 2879 634 2934 causa,
661 2861 790 2943 absque
814 2860 892 2923 dolo
917 2867 1034 2924 tamen
1058 2860 1112 2923 vel
1139 2860 1289 2933 ficcione,
1318 2858 1456 2943 grauius

346 2962 473 3026 tuerint
510 2962 667 3045 impediti
704 2984 764 3028 seu
801 2985 918 3028 eorum
956 2964 1080 3047 aliquis
1117 2964 1220 3028 tuerit
1258 2963 1453 3048 impeditus,

346 3066 505 3130 volumus
532 3067 640 3130 eciam
673 3068 767 3151 quod
800 3068 882 3131 dicti
915 3068 1082 3151 capellani
1114 3067 1272 3131 Cantarie
1304 3066 1455 3150 predicte

346 3190 464 3234 omnes
487 3176 522 3234 et
548 3171 671 3256 singuli
698 3172 766 3236 sint
794 3173 829 3236 in
852 3172 975 3236 habitu
1000 3173 1145 3236 honesto
1168 3179 1202 3234 et
1225 3172 1391 3235 coniorrni
1415 3177 1454 3234 vt

346 3274 448 3338 ceteri
487 3275 604 3358 vicarij
647 3275 784 3339 ecclesie
823 3276 1007 3360 Collegiate
1048 3275 1172 3358 Ripon'
1212 3275 1374 3359 predicte,
1415 3296 1455 3339 ac

347 3377 504 3442 intersint
527 3379 761 3463 personaliter,
785 3386 940 3451 cessante
963 3380 1210 3463 impedimento
1233 3379 1395 3463 legitimo,
1420 3380 1454 3442 in

346 3482 448 3547 choro
464 3490 498 3547 et
515 3484 655 3549 ecclesia
671 3484 858 3569 Collegiata
873 3485 1029 3567 predicta
1046 3492 1199 3568 tempore
1214 3484 1454 3548 celebracionis

346 3587 540 3652 diuinorum
570 3609 639 3652 non
668 3589 702 3653 in
732 3589 851 3653 diebus
881 3589 1056 3653 ferialibus
1084 3595 1136 3653 set
1165 3589 1305 3674 singulis
1333 3588 1454 3653 diebus

346 3691 533 3755 Dominicis
581 3699 615 3756 et
664 3694 806 3769 lestinis,
856 3715 896 3757 ac
944 3693 1052 3757 eciam
1101 3694 1135 3757 in
1183 3693 1453 3776 processionibus

346 3796 579 3880 solempnibus
603 3804 676 3861 tam
700 3797 914 3881 generalibus
937 3818 1044 3881 quam
1067 3797 1302 3881 spiritualibus
1326 3798 1453 3862 ibidem

345 3900 565 3976 celebrandis
596 3902 782 3965 dumtaxat
811 3902 942 3986 absque
971 3922 1072 3966 onere
1101 3901 1287 3986 aliquando
1315 3902 1453 3986 vicarijs

345 4004 435 4068 dicte
467 4005 605 4069 ecclesie
637 4006 830 4090 antiquitus
863 4007 1028 4081 iniunct0,
1062 4006 1166 4070 saluis
1197 4006 1359 4090 predictis
1390 4027 1452 4090 pro

344 4110 626 4193 augmentacione
652 4111 765 4174 cultus
791 4111 899 4175 diuini
925 4117 959 4175 et
986 4111 1114 4174 honore
1140 4110 1218 4175 eccl.
1247 4110 1328 4174 Coll.
1356 4117 1451 4175 ante-

344 4213 444 4289 dicte,
475 4214 520 4277 ad
549 4214 610 4277 Dei
642 4216 809 4299 beateque
839 4215 981 4299 virginis
1011 4215 1115 4279 Marie
1145 4221 1179 4278 et
1209 4215 1274 4279 S’ci
1304 4214 1449 4278 Wiliridi

345 4337 384 4381 ac
415 4318 569 4382 omnium
600 4325 798 4383 sanctorum
829 4318 965 4383 laudem
998 4324 1032 4382 et
1063 4318 1236 4383 honorem.
1284 4318 1450 4383 Volumus

415 4472 422 4494 ¹
442 4468 530 4515 When
545 4468 593 4515 the
607 4467 661 4514 bell
674 4470 786 4517 sounds.

414 4551 423 4573 ²
441 4547 497 4595 MS.
513 4547 563 4595 has
579 4551 593 4567 ‘¹
604 4547 756 4609 qualibet.''

413 4632 423 4662 ³
442 4626 519 4675 York
532 4626 644 4673 Manual
659 4627 781 4686 (Sortees
794 4627 864 4683 Soc,
879 4628 933 4687 91),
948 4626 1050 4682 Missal,
1067 4626 1103 4683 ΙΙ,
1119 4630 1174 4688 187,
1196 4627 1249 4675 For
1260 4626 1308 4674 the
1317 4627 1453 4689 departed

345 4693 479 4741 members
493 4693 521 4741 oi
535 4692 583 4740 the
596 4692 754 4756 fraternity.

413 4774 423 4805 ⁴
441 4772 543 4829 Missal,
560 4770 598 4827 11,
617 4771 672 4819 168.
712 4772 766 4821 For
780 4770 828 4819 the
842 4770 929 4835 living
942 4770 1089 4820 members.
