3950 5625
477 701 520 781 64
754 698 837 764 Tne
864 700 1019 764 luminu
1046 700 1308 764 Mmoscrnpr.

480 875 589 951 Mom,
618 876 743 959 Joh'ne
767 876 876 952 fabre,
902 877 1032 941 Rob'to
1057 878 1274 952 Brokenban,
1300 876 1429 940 Rob’to
1454 876 1587 959 SoreyS,

481 980 555 1045 Ric'
592 981 705 1056 Huck,
741 981 855 1046 Will’o
890 982 1023 1066 SoreyS,
1061 981 1146 1066 Rog.
1184 981 1341 1064 Saynter,
1378 980 1512 1045 Thoma
1547 980 1589 1044 de

479 1085 671 1162 Lowthian,
684 1087 822 1151 Simone
832 1088 1012 1163 seruiente,
1024 1085 1138 1149 Will'o
1148 1085 1275 1160 Andre,
1289 1084 1361 1148 Ric.
1375 1084 1588 1168 Carpentar’,

481 1189 565 1274 Rog.
587 1190 695 1266 fabr0,
716 1190 827 1256 Adam
848 1191 950 1275 Pogg‚
971 1190 1104 1254 Thoma
1123 1209 1214 1263 coc0,
1235 1194 1269 1251 et
1289 1188 1362 1252 aliis
1380 1187 1508 1251 multis.

878 1369 943 1453 (89)
971 1370 1027 1433 De
1052 1385 1190 1432 nonen.

567 1511 668 1576 Omn.
689 1511 720 1576 S.
736 1512 780 1577 M.
796 1533 823 1577 e.
843 1512 920 1576 filiis
937 1511 1065 1576 humile
1082 1509 1280 1593 Capitulum
1298 1508 1364 1572 S’ci
1382 1508 1529 1573 Wilfridi
1548 1509 1590 1573 de

481 1616 606 1700 Ripon'
632 1637 679 1682 sa.
698 1624 852 1682 eternam
872 1617 906 1681 in
927 1617 1028 1681 D’n0.
1069 1615 1121 1679 Sc.
1139 1635 1201 1678 nos
1226 1613 1271 1678 ad
1295 1614 1590 1697 presentacionem

480 1720 595 1785 dilecti
609 1721 724 1786 fratris
737 1727 772 1784 et
786 1720 867 1787 Can.
886 1722 937 1804 (29
950 1723 997 1804 v.)
1014 1720 1122 1785 nostri
1136 1718 1241 1784 Galfr.
1258 1718 1299 1782 de
1314 1718 1416 1783 Lard'
1432 1719 1590 1784 ordinare

480 1825 598 1889 iecisse
616 1826 799 1910 Hugonem
817 1825 859 1889 de
878 1825 1033 1908 Makisey
1051 1824 1234 1889 diaconum
1252 1843 1353 1887 suum
1372 1822 1417 1888 ad
1435 1823 1590 1888 ordinem

480 1929 727 2013 presbiteratus
748 1936 782 1993 et
804 1929 848 1994 ad
869 1936 1073 2013 perpetuam
1094 1927 1292 1993 Cantariam
1313 1927 1348 1991 in
1369 1928 1448 1992 eccl.
1471 1935 1591 1994 nostra

480 2033 522 2097 de
542 2033 667 2117 Ripon’
689 2033 733 2098 ad
753 2034 860 2099 altare
881 2034 947 2098 S'ci
966 2033 1112 2108 Andree,
1132 2053 1211 2097 cum
1231 2053 1265 2096 se
1285 2034 1371 2096 bene
1390 2039 1424 2097 et
1444 2033 1592 2097 fideliter

480 2158 559 2223 erga
582 2158 645 2202 nos
668 2138 819 2223 gesserit,
845 2139 909 2203 hoc
933 2138 1037 2202 modo
1060 2138 1154 2222 quod
1178 2157 1297 2221 perse
1321 2138 1374 2201 vel
1400 2159 1460 2221 per
1484 2139 1591 2203 alium

480 2248 734 2326 competentem
754 2243 977 2327 Capellanum
997 2242 1184 2307 celebrabit
1204 2242 1330 2306 cotidie
1350 2243 1491 2308 missam
1511 2264 1590 2308 cum

480 2347 623 2431 placebo
640 2354 674 2411 et
690 2347 795 2433 dirige
812 2354 846 2412 et
863 2347 1164 2412 commendacione
1181 2347 1294 2412 anime
1311 2347 1355 2412 ad
1372 2348 1466 2430 pred.
1482 2348 1590 2413 altare

302 2464 431 2528 Geoflrey
480 2471 542 2535 pro
565 2451 746 2516 animabus
768 2450 873 2516 Galir.
897 2451 1055 2535 Archiep.
1080 2458 1114 2514 et
1136 2451 1251 2526 Will'i,
1274 2451 1408 2536 Nigelli,
1432 2452 1531 2537 Rog’,
1555 2457 1591 2516 et

273 2530 465 2596 plantagenet.
480 2555 559 2619 d'ne
574 2555 717 2620 Matilde
732 2556 774 2620 de
790 2556 958 2638 Moubray
973 2562 1008 2619 et
1024 2562 1278 2621 antecessorum
1293 2562 1328 2619 et
1343 2577 1432 2621 succ.
1450 2577 1591 2621 suorum

481 2665 515 2724 et
533 2680 623 2724 omn.
643 2660 795 2725 fidelium
813 2660 964 2725 defunct.
985 2661 1018 2724 in
1037 2681 1143 2744 perp,
1163 2667 1197 2724 et
1215 2660 1309 2744 pred.
1329 2662 1433 2746 Hugo
1449 2662 1591 2745 recipiet

480 2764 652 2849 stipendia
670 2785 742 2842 sua,
761 2765 831 2831 scil.
851 2771 920 2830 tres
938 2786 1071 2831 marcas
1089 2766 1269 2831 annuatim
1288 2765 1330 2831 de
1347 2765 1461 2831 Will'o
1479 2765 1591 2852 Gaugi

480 2875 515 2933 et
535 2869 648 2935 hered.
671 2870 725 2933 vel
747 2869 869 2955 assign.
892 2891 917 2934 S.
941 2870 983 2934 de
1004 2870 1102 2934 terris
1123 2876 1158 2934 et
1179 2871 1370 2935 redditibus
1390 2892 1478 2955 quos
1497 2872 1591 2936 idem

481 2972 586 3038 Galfr.
608 2973 652 3039 ad
671 2974 736 3038 hoc
754 2973 849 3038 dedit
869 2980 903 3038 et
923 2974 1111 3059 assignauit
1131 2974 1224 3058 pred.
1246 2975 1359 3040 Will’o
1378 2975 1488 3062 Gaugi
1508 2982 1588 3042 ets

481 3077 604 3162 assign.
629 3077 664 3141 in
689 3078 867 3142 territoriis
890 3077 933 3141 de
956 3078 1155 3163 Winkeslay
1179 3086 1213 3143 et
1238 3079 1279 3143 de
1304 3080 1440 3164 Ripon'.
1488 3081 1591 3145 Teste

481 3181 650 3266 Capitu10,
691 3182 804 3247 Adam
838 3181 954 3257 Ward,
989 3181 1139 3248 Will’mo
1179 3184 1318 3260 Deserd,
1358 3185 1508 3250 Will’mo
1548 3186 1591 3250 de

482 3285 655 3369 Stodelay,
676 3293 710 3351 et
728 3287 847 3351 multis
866 3287 948 3352 aliis.

716 3467 781 3550 (90)
809 3466 929 3530 Caura
953 3466 992 3530 G.
1020 3484 1068 3530 ne
1092 3466 1206 3530 Lnnn’
1232 3484 1280 3531 ne
1305 3484 1441 3533 eoban.

569 3608 620 3673 Sc.
639 3628 689 3692 pr.
708 3614 743 3671 et
760 3609 824 3675 lut.
843 3609 937 3693 quod
954 3630 1017 3694 ego
1033 3608 1122 3673 Gall.
1142 3609 1184 3673 de
1201 3609 1302 3674 Lard’
1322 3610 1410 3686 dedi,
1429 3631 1535 3686 conc,
1555 3619 1590 3676 et

480 3713 513 3777 h.
533 3733 566 3796 p.
586 3734 614 3777 c.
634 3713 722 3776 coni.
742 3712 856 3777 Will'o
874 3712 918 3777 fil.
939 3713 1106 3778 Cristiane
1125 3712 1166 3777 de
1186 3713 1310 3797 Ripon'
1331 3720 1443 3779 totam
1462 3721 1591 3780 terram

480 3837 583 3901 super
599 3817 731 3900 Speltre
748 3838 852 3900 quam
871 3818 965 3882 tenui
984 3818 1027 3881 de
1044 3816 1169 3899 Joh’ne
1186 3817 1228 3880 de
1246 3816 1391 3893 Lanum,
1410 3824 1444 3882 et
1461 3819 1590 3884 ibidem

480 3920 658 3985 dimidiam
689 3940 803 3985 acram
833 3942 939 4005 quam
969 3921 1088 3985 Nich’s
1117 3920 1159 3985 de
1190 3922 1323 3997 Hewik‚
1354 3923 1460 3997 miles,
1492 3924 1590 3989 dedit

480 4025 607 4091 fabrice
637 4025 716 4089 eccl.
749 4025 874 4110 Ripon,
906 4033 975 4091 ten.
1008 4032 1042 4090 et
1073 4026 1151 4090 hab.
1183 4023 1277 4110 pred.
1308 4027 1423 4092 Will’o
1452 4035 1487 4092 et
1517 4029 1591 4094 eius

479 4130 602 4215 assign.
627 4130 696 4194 scil.
722 4130 913 4213 Capellanis
936 4131 1207 4198 deseruientibus
1229 4135 1341 4200 Altari
1364 4135 1430 4200 S'ci
1453 4136 1590 4203 Andree

478 4254 540 4319 pro
568 4234 726 4299 fidelibus
754 4234 936 4309 defunctis,
966 4235 1026 4299 vni
1054 4244 1133 4321 post
1162 4239 1308 4303 alterum
1337 4241 1525 4305 successiue
1554 4243 1590 4307 in

478 4360 571 4425 perp.
621 4338 811 4403 Reddendo
831 4339 910 4403 inde
940 4342 1122 4406 annuatim
1142 4344 1235 4425 pred.
1263 4343 1295 4426 J.
1322 4344 1364 4408 de
1393 4344 1430 4409 L.
1452 4351 1487 4409 et
1517 4346 1588 4411 her.

478 4445 532 4508 vel
555 4444 678 4528 assign.
703 4465 728 4508 s,
746 4443 818 4527 vjd.
837 4465 899 4528 pro
923 4446 1017 4509 omni
1041 4446 1184 4510 seruicio
1205 4445 1249 4510 ad
1265 4447 1378 4531 ipsum
1395 4448 1590 4532 pertinente

478 4549 547 4613 scil.
572 4554 641 4612 tres
663 4548 739 4613 den.
759 4548 803 4614 ad
826 4549 848 4613 f.
874 4548 905 4613 S.
930 4550 974 4614 M.
1000 4556 1035 4614 et
1057 4550 1129 4634 iijd.
1154 4550 1199 4615 ad
1222 4551 1332 4628 Pent,
1357 4560 1391 4617 et
1414 4552 1590 4619 reddendo

479 4653 606 4719 fabrice
632 4654 711 4718 eccl.
741 4653 782 4717 de
808 4654 1007 4737 supradicta
1034 4655 1176 4720 dimidia
1203 4677 1282 4722 acra
1307 4656 1381 4741 ijd.,
1408 4678 1516 4721 vnum
1543 4660 1590 4724 ad

479 4760 502 4825 f.
521 4758 553 4823 S.
573 4760 616 4825 M.
635 4765 669 4822 et
687 4780 794 4824 vnum
812 4758 856 4824 ad
877 4759 974 4823 Pent.
994 4780 1057 4843 pro
1077 4760 1170 4824 omni
1190 4761 1333 4825 seruicio
1352 4768 1387 4826 et
1407 4762 1589 4830 demanda.
