3950 5625
834 726 1065 793 carrorum.
1466 725 1509 809 69

733 907 799 991 (08)
825 907 947 972 Carra
972 923 1182 972 06600611.

488 1049 540 1114 Sc.
562 1070 653 1114 omn.
675 1055 749 1114 tam
768 1070 818 1133 pr.
838 1070 945 1134 quam
964 1050 1029 1114 lut.
1049 1049 1144 1133 quod
1163 1069 1225 1134 ego
1244 1049 1375 1114 Aldusa
1393 1047 1510 1122 vidua,
1571 1061 1593 1093 0·
1613 1056 1687 1105 ¹²3³·

348 1139 351 1146 ’
409 1154 579 1238 quondam
597 1174 685 1218 vxor
702 1153 823 1218 Rob'ti
840 1153 986 1237 Sweiny,
1006 1153 1085 1217 dedi
1101 1159 1136 1217 et
1153 1155 1185 1217 h.
1204 1174 1237 1236 p.
1252 1174 1280 1217 6.
1295 1153 1384 1217 conf.
1403 1151 1509 1216 Galir.

408 1257 443 1322 de
456 1258 585 1323 Larder
597 1258 725 1323 Canon.
741 1258 782 1322 de
796 1257 910 1342 Ripon
924 1264 958 1322 et
971 1258 1002 1321 ei
1015 1258 1068 1322 cui
1082 1258 1154 1341 ipse
1168 1258 1339 1342 assignare
1351 1256 1510 1331 voluerit,

408 1362 481 1427 dim.
511 1362 643 1427 toltum
669 1362 764 1446 quod
791 1368 892 1426 teneo
915 1362 957 1426 de
985 1362 1142 1426 Aldelmo
1170 1363 1275 1427 fratre
1303 1382 1390 1437 meo,
1418 1361 1512 1445 quod

407 1458 491 1531 idem
516 1465 626 1530 Aldel'
651 1467 755 1530 michi
779 1466 875 1530 dedit
892 1467 926 1530 in
942 1466 1088 1530 liberum
1104 1467 1324 1551 maritagium
1348 1486 1410 1550 pro
1433 1465 1510 1548 iijs..

407 1591 486 1655 quos
510 1570 626 1634 dictus
649 1569 689 1634 G.
714 1571 818 1635 michi
841 1571 1047 1655 prerogauit.
1096 1570 1205 1635 Redd.
1230 1571 1309 1634 inde
1332 1571 1512 1635 annuatim

407 1675 502 1739 michi
523 1675 647 1739 ether.
668 1675 763 1750 meis,
783 1674 856 1758 ijd.,
877 1674 946 1739 scil.
967 1674 1274 1739 vnum'denarium
1294 1675 1338 1739 ad
1358 1675 1455 1738 Pent.
1478 1680 1512 1738 et

406 1800 507 1844 vnum
538 1779 614 1844 den.
646 1779 690 1843 ad
720 1779 742 1843 i.
774 1778 806 1843 S.
836 1778 880 1843 M.
928 1779 992 1842 Est
1018 1784 1136 1844 autem
1165 1779 1222 1843 illa
1250 1779 1417 1843 medietas
1445 1799 1512 1863 que

405 1883 487 1948 iacet
510 1903 630 1949 versus
651 1883 847 1967 aquilonem
868 1903 929 1966 per
949 1889 1061 1948 metas
1082 1883 1171 1948 inter
1194 1904 1256 1948 nos
1280 1884 1420 1967 positas.
1446 1884 1509 1965 (32)

408 1987 514 2072 Quare
541 2008 604 2072 ego
627 1993 662 2051 et
690 1988 759 2052 her.
789 1987 855 2051 mei
880 1987 946 2051 dei.
977 1994 1011 2051 et
1041 2008 1120 2052 war.
1150 1988 1244 2071 pred.
1271 1987 1310 2051 G.
1341 1995 1375 2051 et
1403 1987 1510 2051 eiusd.

408 2092 585 2177 assignatis
596 2097 717 2156 contra
731 2112 822 2156 omn.
838 2092 929 2156 hom.
979 2093 1035 2156 lta
1049 2092 1143 2176 quod
1157 2113 1219 2176 pro
1233 2092 1327 2157 nulla
1341 2091 1514 2156 demanda

408 2203 463 2262 aut
487 2196 632 2261 seruicio
656 2196 748 2260 idem
775 2195 814 2259 G.
844 2202 905 2260 aut
933 2197 1005 2261 eius
1032 2197 1197 2281 assignati
1225 2197 1355 2280 aliquid
1382 2197 1513 2261 iaciant

409 2320 463 2383 pro
503 2300 620 2385 praed.
654 2306 745 2364 terra
783 2307 919 2383 praeter
954 2300 1014 2384 ijd.
1048 2301 1136 2365 sicut
1173 2301 1410 2384 supradictum
1450 2308 1512 2365 est.

408 2404 563 2469 Testibus
593 2404 730 2488 Mag'ris
759 2404 890 2468 Adde
920 2405 1148 2480 Richemund,
1173 2405 1287 2469 Will'o
1313 2406 1355 2469 de
1384 2405 1512 2480 Aurel',

408 2508 435 2591 J.
454 2510 627 2584 Romano,
646 2508 848 2584 Canonicis;
877 2510 1058 2585 Herberto,
1074 2509 1217 2595 Nigello,
1232 2509 1373 2586 Gilb'to,
1392 2508 1513 2584 Galir’,

408 2611 527 2689 Will’o,
567 2613 684 2688 Walt',
722 2612 855 2689 Nich'o,
892 2613 1095 2697 Capellanis‚
1133 2614 1262 2678 Rob'to
1298 2614 1367 2677 filio
1399 2613 1513 2689 Thon,

409 2716 551 2803 Hugone
572 2717 619 2807 de
635 2717 762 2801 Thorp‚
786 2717 873 2782 Rad’
897 2718 1006 2793 fabro,
1030 2719 1176 2803 Hugone
1198 2719 1239 2783 de
1262 2719 1404 2793 Barton,
1428 2718 1513 2803 Rog.

407 2822 512 2899 labro,
532 2828 568 2887 et
587 2823 705 2887 multis
725 2823 808 2888 aliis.

800 2990 865 3074 (99)
893 2991 949 3054 Da
974 3008 1112 3055 nonan.

490 3132 666 3199 Vniuersis
692 3133 751 3216 xpi
776 3133 934 3198 fidelibus
960 3134 1004 3198 ad
1030 3156 1116 3217 quos
1142 3156 1192 3219 pr.
1220 3156 1281 3198 scr.
1310 3136 1515 3218 peruenerit.

410 3238 562 3304 Ketellus
586 3244 683 3303 sutor
702 3238 752 3302 vde
785 3238 921 3321 Ripon',
947 3239 1104 3303 salutem.
1168 3240 1219 3304 Se.
1246 3261 1300 3303 me
1324 3240 1516 3304 vendidisse

408 3363 465 3427 pro
482 3344 636 3429 quinque
653 3342 776 3407 marcis
793 3343 924 3427 argenti
943 3349 977 3406 et
995 3343 1138 3408 dimidia
1155 3350 1188 3407 et
1206 3365 1300 3409 conc.
1320 3351 1354 3407 et
1371 3366 1403 3428 p.
1423 3367 1450 3409 6.
1470 3367 1514 3410 m.

408 3449 493 3514 coni.
518 3447 648 3533 Mag’ro
670 3446 709 3511 G.
733 3447 775 3510 de
797 3447 898 3511 Lard'
922 3453 956 3510 et
978 3448 1050 3511 eius
1072 3448 1194 3533 assign.
1219 3449 1252 3513 in
1274 3470 1381 3533 perp,
1404 3455 1516 3514 totam

409 3558 533 3618 terram
546 3552 640 3617 illam
653 3572 731 3616 cum
744 3558 830 3634 pert.
846 3551 880 3616 in
894 3551 1066 3616 territorio
1079 3553 1120 3617 de
1135 3552 1259 3636 Ripon’
1274 3554 1372 3618 iuxta
1385 3554 1517 3637 Speltre

408 3677 511 3741 quam
529 3677 591 3741 ego
609 3656 704 3720 tenui
723 3655 765 3719 de
783 3656 908 3738 Joh’ne
926 3656 968 3719 de
987 3657 1133 3732 Lanum,
1153 3658 1290 3722 tenend.
1310 3658 1374 3721 sibi
1393 3664 1427 3722 et
1446 3658 1518 3724 eius

409 3762 531 3846 assign.
550 3760 585 3825 in
607 3781 701 3845 perp.
720 3760 762 3824 de
784 3760 878 3824 dicto
900 3759 1025 3842 Joh'ne
1047 3762 1090 3825 de
1112 3762 1246 3826 Lanum
1268 3768 1303 3826 et
1325 3763 1367 3826 de
1389 3765 1458 3827 her.
1477 3784 1516 3837 s.‚

408 3866 456 3931 ita
476 3866 581 3929 libere
603 3870 637 3928 et
658 3865 774 3948 quiete
796 3865 884 3929 sicut
906 3872 1003 3929 carta
1023 3887 1128 3949 quam
1151 3887 1212 3950 ego
1233 3867 1338 3931 habui
1361 3867 1402 3930 (16
1424 3867 1518 3931 (11610

408 3969 531 4052 Joh'ne
551 3975 774 4053 protestatur.
823 3969 933 4033 Redd.
956 3970 1035 4033 inde
1055 3971 1235 4035 annuatim
1256 3971 1350 4034 (11610
1370 3971 1463 4053 Joh'i
1483 3979 1517 4036 et

408 4074 474 4139 her.
499 4095 525 4138 s,
550 4094 609 4137 sex
632 4073 747 4137 denar.
771 4094 816 4137 sc.
842 4080 911 4137 tres
933 4074 1009 4139 den.
1035 4076 1079 4139 ad
1102 4076 1199 4138 Pent.
1224 4083 1258 4139 et
1281 4082 1350 4140 tres
1373 4076 1448 4139 den.
1473 4076 1518 4140 ad

408 4178 429 4243 i.
452 4179 484 4243 S.
508 4178 552 4242 M.
575 4198 637 4261 pro
657 4198 748 4242 omn.
771 4198 857 4241 serv,
880 4184 914 4241 et
935 4199 1026 4242 cons.
1046 4185 1080 4242 et
1097 4200 1210 4243 exacc.
1233 4186 1267 4243 et
1287 4201 1349 4263 pro
1370 4180 1463 4243 omni
1483 4200 1518 4243 re

407 4283 449 4347 ad
479 4288 607 4347 terram
637 4283 840 4365 pertinente.
888 4283 935 4345 Vt
965 4289 1084 4347 autem
1113 4285 1178 4346 hac
1206 4303 1283 4348 mea
1311 4284 1469 4347 vendicio
1498 4305 1518 4348 a

407 4387 540 4451 nemine
563 4387 597 4449 in
619 4386 764 4469 posteris
787 4387 1001 4469 temporibus
1023 4387 1131 4470 possit
1153 4387 1301 4472 infringi,
1324 4394 1518 4472 presentem

407 4497 538 4556 cartam
560 4490 658 4574 sigilli
681 4490 746 4553 mei
768 4490 986 4574 apposicione
1008 4490 1177 4552 roboraui.
1227 4491 1270 4555 H.
1294 4497 1319 4554 t.
1343 4491 1455 4554 Will'o
1476 4491 1518 4554 de
1614 4496 1615 4500 ’

407 4594 650 4679 Weydington,
680 4601 763 4659 tune
791 4594 977 4658 senescallo
1007 4592 1077 4655 d'ni
1106 4592 1288 4679 Archiep’i,
1320 4595 1448 4658 Rob’to
1476 4595 1519 4658 de

409 4698 570 4764 Bediord.
605 4704 688 4762 tune
720 4698 859 4771 balliu0,
894 4697 1048 4762 Guarino
1081 4693 1212 4773 clerico,
1247 4699 1369 4761 Nich'o
1402 4698 1518 4772 Ward,

407 4804 471 4869 Ad.
497 4805 603 4868 fratre
627 4802 709 4876 eiuS,
735 4801 865 4865 Rob'to
889 4801 930 4865 de
955 4796 1155 4875 Monketon,
1181 4803 1267 4888 Rog'
1293 4802 1334 4866 de
1359 4802 1519 4877 Nunwik,
