3950 5625
846 731 1077 796 Cnnrumnr.

793 924 881 1005 (141)
909 922 966 986 Da
991 939 1128 986 conen.

491 1093 594 1155 Omn.
624 1097 744 1154 sancte
772 1091 893 1155 matris
922 1091 1001 1154 eccl.
1033 1090 1110 1154 tiliis
1139 1089 1183 1153 ad
1212 1111 1299 1173 quos
1327 1089 1423 1153 litere
1452 1090 1516 1152 isto
1595 1136 1600 1147 .
1675 1114 1692 1147 r.

404 1195 634 1279 peruenerint‚
666 1195 771 1277 capit.
815 1193 880 1258 S'ci
919 1193 1065 1258 Wiliridi
1105 1193 1148 1257 de
1188 1193 1325 1277 Ripon’,
1358 1193 1514 1257 salutem.

404 1298 550 1364 Nouerit
576 1298 781 1362 uniuersitas
804 1304 921 1361 vestra
944 1318 1017 1372 nos,
1043 1318 1142 1381 prece
1167 1303 1201 1360 et
1224 1297 1393 1380 peticione
1418 1296 1516 1360 Alani

403 1402 560 1467 canonici
575 1401 697 1477 nostri,
713 1401 790 1465 ded.
809 1409 843 1465 et
860 1422 954 1465 conc.
973 1400 1128 1465 Gamello
1144 1409 1179 1464 et
1200 1402 1268 1464 her.
1292 1422 1317 1465 s.
1339 1401 1517 1464 dimidiam

404 1527 520 1572 acram
539 1513 629 1571 terre
650 1526 730 1570 cum
751 1505 911 1570 domibus
935 1506 1032 1569 iuxte
1055 1511 1197 1589 pontem
1222 1505 1451 1590 aquilonalem
1476 1504 1518 1568 de

406 1613 488 1686 Yor,
510 1610 622 1674 Redd.
643 1610 723 1674 inde
739 1611 920 1674 annuatim
937 1609 1031 1693 pred.
1050 1609 1161 1673 Alano
1178 1615 1211 1673 et
1232 1631 1320 1674 succ.
1340 1610 1409 1673 suis
1433 1609 1515 1692 xijd.

404 1736 468 1799 pro
490 1715 584 1779 omni
609 1713 754 1778 servicio
781 1714 833 1793 (43
853 1715 897 1795 v.)
926 1719 960 1776 et
993 1713 1174 1777 exaccione
1199 1720 1232 1777 et
1259 1713 1517 1790 consuetudine,

405 1819 473 1883 scil.
501 1818 574 1901 vjd.
599 1818 644 1882 ad
666 1817 765 1881 Pent.
789 1823 823 1880 et
847 1816 918 1899 vjd.
945 1816 990 1881 ad
1014 1817 1036 1881 f.
1063 1816 1095 1881 S.
1120 1818 1163 1881 Μ.
1213 1818 1256 1882 H.
1281 1824 1305 1881 t.
1329 1817 1516 1900 Stephano,

406 1923 587 1999 Willelrn0,
606 1928 672 1987 etc.

912 2160 1013 2243 (142).

498 2368 575 2431 Hoc
597 2365 827 2449 cyrograflum
848 2370 999 2428 testatur
1021 2364 1114 2448 quod
1139 2364 1256 2429 Niclr’s
1281 2366 1322 2429 de
1349 2365 1519 2449 Bondgat,

410 2473 511 2557 Hugo
549 2471 592 2535 de
629 2469 803 2544 Peniston,
842 2468 927 2553 Rog.
966 2469 1009 2533 de
1045 2469 1078 2532 la
1115 2470 1333 2553 Maudelayn,
1373 2469 1520 2534 liob’tus

410 2574 569 2650 Thorald,
605 2573 678 2638 Ric.
715 2574 795 2648 Paa‚
830 2578 864 2636 et
898 2571 1016 2636 Nich's
1049 2573 1154 2647 Miles,
1189 2574 1306 2637 vicarii
1340 2573 1418 2638 eccl.
1454 2573 1519 2638 S'ci

410 2678 557 2743 Wiliridi
585 2677 711 2760 Ripon'
740 2683 980 2740 concesserunt
1008 2682 1042 2740 et
1070 2677 1115 2740 ad
1142 2677 1232 2741 feodi
1260 2677 1395 2742 firmam
1423 2678 1520 2742 dimi-

411 2789 528 2849 serunt
559 2782 690 2846 Thorne
720 2781 762 2846 de
793 2781 929 2846 Marton
960 2786 995 2845 et
1026 2781 1141 2845 Eduse
1171 2782 1269 2846 vxori
1300 2783 1381 2857 eius,
1414 2804 1520 2848 vnum

412 2888 624 2972 mesuagium
652 2907 731 2950 cum
759 2892 845 2970 pert.
875 2885 910 2949 in
940 2885 1064 2968 Ripon’
1094 2886 1207 2950 iacens
1234 2887 1268 2951 in
1298 2888 1522 2972 Staynbrigat

408 2993 496 3058 inter
513 3013 595 3056 mes
616 2991 752 3074 Joh’nis
769 2989 811 3054 de
830 2989 943 3073 Snape
961 2996 996 3053 et
1014 3012 1095 3054 mes.
1118 2990 1236 3054 Rob’ti
1255 2991 1297 3054 de
1317 2992 1418 3065 Ebor,
1438 2991 1519 3054 Ten.

410 3102 443 3160 et
462 3096 542 3163 hab.
566 3094 647 3159 eisd.
670 3095 708 3158 T.
731 3101 765 3157 et
786 3095 825 3157 E.
849 3095 973 3158 ether.
997 3094 1103 3177 ipsius
1124 3094 1161 3158 T.
1184 3102 1218 3157 et
1239 3094 1309 3158 suis
1330 3095 1465 3178 assign,
1487 3094 1519 3158 li.

410 3200 491 3285 qui,
505 3201 603 3274 bene,
615 3204 650 3262 et
662 3198 697 3262 in
711 3218 805 3281 pace,
820 3198 854 3260 in
868 3218 961 3281 perp.
1008 3197 1116 3262 Redd.
1132 3198 1211 3262 inde
1227 3218 1259 3281 p.
1273 3219 1327 3263 an.
1342 3199 1443 3262 dictis
1456 3198 1520 3263 vie.

410 3310 443 3368 et
459 3324 549 3368 succ.
569 3323 595 3367 S.
614 3322 674 3365 sex
691 3301 817 3367 solidos
839 3301 919 3398 vid)
945 3302 990 3365 ad
1010 3302 1107 3366 Pent.
1127 3302 1192 3385 iijs.
1213 3308 1247 3366 et
1265 3302 1310 3366 ad
1328 3302 1350 3366 i.
1371 3303 1402 3367 S.
1425 3302 1467 3366 M.
1488 3302 1521 3366 in

410 3408 442 3473 h.
466 3408 528 3471 iiis.
553 3427 615 3490 pro
636 3427 727 3471 omn.
751 3426 838 3470 serv.
861 3406 1015 3480 seculari,
1039 3426 1164 3481 exacc,
1188 3412 1222 3469 et
1247 3406 1428 3470 demanda.
1477 3407 1523 3470 Et

411 3512 492 3576 dicti
512 3511 550 3575 T.
572 3516 606 3574 et
626 3511 666 3574 E.
688 3516 722 3574 et
741 3511 810 3574 her.
832 3510 938 3592 ipsius
957 3515 992 3573 et
1012 3510 1063 3573 sui
1083 3510 1246 3594 assignati
1267 3531 1384 3574 omnes
1403 3511 1524 3575 domos

411 3616 444 3680 in
464 3615 596 3690 eodem,
618 3614 811 3699 mesuagias
835 3613 1012 3678 edificatas
1037 3620 1071 3677 et
1096 3613 1304 3678 edificandas
1328 3615 1524 3698 sumptibus

413 3719 559 3803 propriis
580 3718 801 3782 sustinebunt
822 3724 856 3781 et
878 3719 1089 3801 reparabunt
1110 3718 1144 3782 in
1166 3719 1257 3782 bono
1278 3725 1374 3783 statu
1395 3721 1525 3804 absquo

413 3824 528 3908 aliqua
557 3822 760 3886 allocutione
790 3822 832 3885 de
862 3822 998 3886 vicariis
1027 3822 1121 3905 pred.
1147 3829 1181 3885 et
1205 3824 1455 3888 successoribus
1485 3845 1523 3899 s,

414 3927 506 4011 ipsos
530 3926 567 3990 T.
594 3932 628 3990 et
653 3927 691 3989 E.
718 3932 752 3990 et
777 3926 917 3989 heredes
941 3926 1047 4009 ipsius
1071 3926 1108 3990 T.
1135 3933 1169 3989 et
1192 3948 1217 3990 s.
1244 3928 1435 4012 assignatos
1459 3928 1525 3992 dis-

418 4031 564 4115 tringere
592 4050 652 4114 per
680 4030 795 4094 omnia
823 4031 914 4094 bona
942 4051 1004 4094 sua
1033 4031 1067 4094 in
1096 4031 1169 4094 eod.
1199 4052 1349 4117 mesuag.
1380 4039 1452 4097 tam
1482 4034 1526 4098 ad

415 4133 694 4198 emendacionem
723 4134 845 4197 domus
873 4155 979 4217 quam
1008 4155 1070 4217 pro
1099 4135 1197 4198 firma
1226 4137 1380 4200 terminis
1408 4138 1477 4201 suis
1506 4160 1526 4201 a

415 4244 505 4302 retro
527 4237 705 4301 existente.
755 4237 795 4302 ln
816 4258 844 4301 c.
868 4258 893 4301 r.
918 4244 942 4301 t.
966 4238 1060 4320 pred.
1083 4239 1201 4302 vicarii
1223 4240 1331 4324 sigilla
1352 4262 1414 4305 sua
1435 4243 1525 4324 parti

416 4340 516 4407 huius
542 4342 660 4424 scripti
687 4341 819 4405 indenti
849 4341 919 4423 (sic)
950 4362 1053 4423 penes
1080 4342 1171 4425 ipsos
1198 4344 1281 4408 Th0.
1311 4351 1345 4408 et
1373 4345 1526 4410 Edusam

417 4446 607 4510 remanenti
626 4450 871 4529 apposuerunt,
893 4452 927 4507 et
947 4446 1007 4529 sig.
1029 4466 1210 4511 commune
1230 4448 1379 4531 Capituli
1401 4448 1525 4532 Ripon'

418 4549 544 4634 apponi
576 4554 857 4632 procurauerunt,
890 4548 1036 4631 predicti
1067 4568 1149 4613 vero
1180 4552 1263 4615 Tho,
1297 4557 1331 4613 et
1363 4552 1402 4615 E.
1436 4552 1527 4635 parti

420 4673 522 4737 penes
539 4653 631 4735 ipsos
648 4653 752 4717 vicar.
773 4651 963 4716 remanenti
981 4652 1041 4735 sig.
1062 4671 1124 4714 sua
1142 4660 1386 4740 apposuerunt.
1436 4656 1479 4719 H.
1500 4662 1525 4721 t.

422 4756 506 4843 Rog'
527 4757 651 4841 Swayn
671 4762 705 4822 et
723 4755 854 4820 ceteris.
