3950 5625
453 704 515 788 184
736 707 765 772 T
767 726 815 772 aa
841 707 996 772 Iuenna
1020 706 1268 771 Manoscrurr.

689 886 776 970 (277)
806 886 1014 968 (Admission
1038 892 1075 949 to
1099 907 1119 950 a
1142 885 1320 967 Chantry).

540 1028 713 1092 Vniuersis
740 1028 813 1093 S'ce
841 1029 960 1093 Matris
987 1028 1066 1092 eccl.
1095 1027 1174 1111 filijs
1200 1026 1245 1091 ad
1271 1048 1357 1111 quos
1383 1033 1566 1110 presentes

453 1131 548 1195 litere
567 1133 795 1215 peruenerint,
816 1133 897 1208 Nos,
919 1133 1030 1216 Capit.
1052 1133 1130 1196 eccl.
1152 1132 1226 1196 coll.
1245 1132 1297 1195 be.
1319 1131 1411 1194 Petri
1432 1130 1562 1214 Ripon‚

453 1235 599 1300 salutern
616 1236 650 1300 in
667 1237 757 1300 D’no
773 1238 1028 1321 sempiternam.
1080 1236 1277 1300 Cantariam
1294 1241 1501 1319 perpetuam
1518 1235 1567 1298 ad

453 1341 561 1404 altare
577 1341 643 1405 S’ci
660 1341 781 1423 Jacobi
798 1342 832 1405 in
849 1341 989 1405 ecclesia
1005 1341 1191 1425 Collegiata
1207 1340 1361 1424 predicta
1376 1339 1565 1404 fundatam

453 1465 514 1528 per
542 1444 684 1509 liberam
714 1445 980 1530 resignationem
1011 1444 1083 1509 d’ni
1113 1444 1224 1526 Joh'is
1254 1443 1417 1526 Stodelay
1446 1442 1564 1508 vltimi

454 1548 626 1632 Capellani
665 1556 700 1612 et
738 1549 938 1633 possessoris
977 1549 1129 1612 eiusdem
1168 1548 1326 1612 Cantarie
1364 1547 1399 1611 in
1437 1568 1565 1611 manus

454 1659 588 1716 nostras
615 1654 744 1717 factam
770 1660 805 1717 et
831 1674 891 1737 per
916 1674 978 1717 nos
1004 1652 1201 1727 admissam,
1228 1652 1324 1716 cuius
1350 1651 1491 1716 collacio
1518 1651 1564 1715 ad

455 1778 517 1821 nos
550 1778 592 1821 ex
625 1757 830 1821 fundacione
863 1758 968 1841 ipsius
1002 1757 1154 1821 cantarie
1186 1763 1321 1842 spectat
1353 1756 1455 1840 pleno
1489 1755 1563 1819 iure

456 1861 580 1926 dilecto
608 1862 706 1925 nobis
736 1862 770 1925 in
799 1883 868 1945 xpo
897 1862 977 1925 d’no
1008 1860 1192 1925 Edmundo
1223 1861 1331 1924 Karre
1359 1859 1563 1944 presbiter0,

455 1967 524 2030 suis
553 1967 768 2051 exigentibus
798 1967 927 2030 meritis
956 1972 991 2029 et
1020 1966 1151 2030 virtute
1179 1964 1403 2030 conferrimus
1431 1964 1565 2029 intuitu

455 2070 620 2146 caritatis,
661 2071 842 2155 ipsumque
882 2070 977 2134 d'nm
1018 2069 1242 2134 Edmundum
1281 2068 1326 2132 ad
1365 2068 1566 2132 Cantariam

455 2174 645 2261 predictam
675 2175 892 2239 admittimus
922 2180 956 2238 et
985 2174 1209 2248 instituimus,
1240 2194 1280 2237 ae
1308 2171 1564 2256 presencialiter

455 2279 658 2344 inuestimus
681 2280 714 2343 in
735 2280 865 2354 eadem,
889 2299 1022 2342 necnon
1042 2285 1076 2342 et
1096 2276 1211 2342 induci
1231 2277 1373 2341 fecimus
1392 2297 1472 2341 cum
1491 2277 1563 2341 suis

456 2383 598 2468 Juribus
617 2390 651 2447 et
670 2384 792 2467 pertin.
814 2383 990 2447 vniuersis
1040 2383 1080 2446 In
1099 2403 1127 2446 c.
1148 2402 1174 2446 r.
1195 2388 1220 2445 t.
1241 2381 1301 2466 sig.
1323 2381 1404 2465 Cap.
1425 2381 1491 2444 n’ri
1510 2388 1564 2445 est

456 2592 582 2657 mensis
602 2591 711 2675 Junij,
733 2592 834 2655 Anno
854 2591 936 2655 D’ni
957 2591 1099 2655 Mill’mo
1118 2600 1233 2654 cecc'¹¹⁰
1252 2589 1364 2671 xliiij0.

460 2770 547 2856 (278)
581 2769 600 2841 t'
614 2770 812 2853 (Induction
830 2776 867 2835 to
885 2791 905 2834 a
923 2769 1083 2853 Canonry
1100 2769 1169 2834 and
1188 2768 1344 2833 Prebend
1361 2769 1409 2853 by
1426 2769 1565 2853 proxy).

544 2914 697 2997 Quarum
707 2913 847 2997 quidem
858 2913 1035 2977 literarum
1047 2912 1252 2977 Reuerend¹
1266 2912 1338 2975 Nos
1348 2912 1405 2976 Ca.
1419 2910 1568 2996 Riponie

457 3018 620 3083 antedict.
639 3018 774 3102 prefato
794 3017 893 3081 xxixo
911 3016 965 3080 die
985 3017 1110 3081 mensis
1133 3016 1212 3099 Maij
1235 3017 1281 3079 A0
1297 3016 1378 3080 D’ni
1400 3016 1568 3080 M0cccc¹¹¹⁰

457 3122 553 3207 xlvij,
586 3123 718 3186 dictum
749 3121 917 3206 Mag'rum
949 3121 1117 3185 Rob’tum
1148 3120 1287 3184 Dobbes
1317 3120 1353 3184 in
1383 3140 1567 3204 personam
1606 3173 1611 3180 .

457 3227 582 3311 prefati
605 3227 649 3291 M.
673 3226 803 3289 Thome
826 3226 997 3299 Farleton,
1016 3225 1246 3309 procuratoris
1266 3225 1318 3288 sui
1339 3224 1567 3289 sufficientem

457 3339 497 3396 vt
514 3331 727 3416 premittitur
742 3329 952 3413 potestatem
969 3329 1128 3393 habentis
1144 3329 1189 3392 ab
1205 3329 1289 3412 ips0,
1304 3329 1339 3393 in
1355 3327 1568 3412 corporalem

383 3454 392 3466 ·
458 3436 705 3520 possessionem
735 3434 907 3498 dictorum
935 3434 1158 3497 canonicatus
1187 3438 1221 3497 et
1250 3432 1421 3517 prebende
1450 3432 1568 3497 induci

458 3541 610 3615 fecimus,
632 3560 671 3603 ae
692 3538 832 3602 stallum
852 3538 887 3601 in
907 3538 1011 3602 choro
1033 3544 1067 3601 et
1088 3537 1201 3601 locum
1221 3537 1255 3601 in
1276 3536 1435 3621 Capitulo
1455 3536 1568 3601 eidem

458 3644 493 3709 in
512 3664 693 3728 personam
713 3642 796 3706 dicti
816 3642 1049 3733 procuratoris
1068 3642 1121 3705 sui
1141 3641 1400 3726 assignauimus,
1420 3640 1569 3724 prestito

458 3749 618 3834 primitus
637 3748 831 3812 iuramento
850 3746 895 3811 ad
913 3753 1035 3811 sancta
1057 3745 1121 3809 Dei
1142 3745 1319 3830 euangelia
1339 3765 1400 3829 per
1418 3745 1569 3810 eundern

458 3859 713 3938 procuratorem
743 3852 778 3916 in
808 3852 960 3916 animam
991 3850 1063 3914 d’ni
1092 3850 1145 3914 sui
1174 3849 1319 3933 predicti
1349 3849 1392 3913 de
1421 3848 1569 3914 fideliter

458 3956 672 4022 obseruando
700 3963 734 4019 et
762 3955 997 4020 conseruando
1025 3955 1109 4029 iura,
1139 3954 1327 4029 libertates,
1356 3959 1503 4029 statuta,
1533 3960 1569 4019 et

458 4061 722 4127 consuetudines
745 4061 826 4124 eccl.
853 4060 927 4124 coll.
953 4058 1106 4144 predicte
1127 4065 1162 4122 et
1186 4058 1328 4141 capituli
1352 4057 1504 4121 eiusdem
1527 4064 1570 4122 vt

458 4167 562 4231 moris
590 4172 642 4229 est
670 4172 824 4248 ternpore
853 4164 1068 4228 admissionis
1096 4170 1130 4227 et
1158 4161 1368 4226 induccionis
1396 4162 1477 4225 fact.
1506 4182 1570 4246 per

458 4292 520 4336 nos
543 4269 733 4353 capitulum
757 4267 959 4352 predictum.
1022 4266 1120 4331 Vnde
1143 4287 1205 4330 nos
1228 4265 1426 4348 Capitulum
1450 4266 1568 4330 literas

458 4376 551 4441 dicto
576 4373 704 4459 Mag'ro
737 4371 866 4436 Rob'to
897 4372 1039 4435 fecimus
1068 4370 1314 4434 testimoniales
1339 4376 1373 4433 et
1398 4369 1568 4434 tradimus

457 4480 493 4545 in
531 4480 622 4543 hunc
662 4476 814 4551 modum,
849 4475 957 4560 sigillo
990 4475 1065 4539 n'ro
1098 4475 1143 4539 ad
1176 4475 1238 4539 hos
1271 4479 1369 4537 actus
1402 4479 1567 4538 consueto

457 4584 620 4669 signatas.

530 4739 537 4761 ¹
558 4734 607 4782 See
628 4732 679 4780 No.
703 4743 761 4793 275·
810 4728 972 4792 Something
995 4742 1114 4792 appears
1135 4732 1166 4777 to
1186 4728 1219 4775 be
1240 4725 1366 4789 wanting
1386 4726 1413 4775 in
1435 4726 1515 4774 order
1535 4730 1567 4775 to

458 4803 596 4865 complete
609 4800 657 4849 the
669 4812 756 4847 sense.
