3950 5625
855 682 1087 749 Caurumnr.
1485 701 1527 766 93

613 862 701 946 (146)
729 863 786 926 De
810 876 963 927 1301>ou
1013 861 1134 942 (Grant
1159 862 1196 926 oi
1218 862 1325 941 land).

502 1005 554 1070 Sc.
583 1025 675 1069 omn.
705 1010 779 1068 tam
806 1024 893 1087 pres.
921 1024 1028 1088 quam
1056 1003 1120 1067 lut.
1150 1003 1244 1088 quod
1271 1025 1334 1088 ego
1362 1004 1450 1068 Rob.
1480 1005 1526 1068 fil.

412 1109 579 1192 Dolphini
603 1109 646 1172 de
670 1108 821 1172 Cluther'
846 1129 941 1172 conc.
967 1114 1003 1172 et
1027 1107 1106 1172 dedi
1131 1114 1164 1171 et
1190 1109 1223 1172 h.
1250 1129 1282 1191 p.
1309 1130 1337 1172 c.
1364 1130 1409 1173 m.
1436 1109 1526 1173 coni.

413 1213 489 1278 Deo
512 1220 548 1277 et
572 1212 649 1277 S’co
671 1211 831 1277 Wilirido
853 1217 889 1275 et
912 1211 1041 1275 Canon.
1066 1231 1092 1275 s
1118 1212 1160 1275 de
1186 1211 1310 1295 Ripon’
1336 1213 1369 1276 in
1394 1234 1469 1296 pur.
1494 1220 1529 1276 et

413 1338 510 1402 perp.
536 1315 758 1380 elemosinam
785 1335 848 1398 pro
874 1335 923 1379 sa.
952 1336 1007 1379 an.
1036 1337 1081 1380 m.
1107 1322 1142 1379 et
1169 1322 1334 1380 antecess.
1360 1338 1418 1390 m,
1443 1317 1530 1381 duas

413 1441 512 1486 acras
535 1426 624 1485 terre
647 1420 682 1484 in
706 1439 832 1502 campo
855 1418 898 1483 de
921 1418 1072 1483 Cluther'
1098 1419 1248 1483 iacentes
1272 1420 1306 1484 in
1331 1421 1395 1483 hiis
1419 1421 1529 1485 tribus

413 1525 508 1600 locis,
531 1524 576 1588 ad
597 1523 781 1606 Grauelay,
804 1523 928 1597 Solete,
950 1529 985 1586 et
1007 1522 1051 1586 ad
1074 1523 1260 1597 Brokland,
1283 1530 1316 1587 et
1339 1524 1383 1588 ad
1405 1524 1530 1589 Goldo-

413 1629 552 1702 stickes,
578 1628 668 1692 inter
691 1633 820 1691 terram
844 1626 948 1691 Will’i
973 1626 1018 1690 fil.
1047 1626 1119 1690 Ric.
1146 1633 1180 1690 et
1206 1633 1333 1691 terram
1358 1628 1457 1692 Nich.
1483 1628 1528 1692 iil.

414 1732 553 1797 Dolfini.
618 1731 836 1814 (Warranty).
893 1731 937 1794 H.
979 1736 1004 1793 t.
1045 1731 1222 1813 Stheph’0,
1262 1731 1387 1807 Will'o‚
1426 1733 1529 1816 Hug’,

415 1836 558 1911 Gilb’t0,
576 1835 779 1919 Capellanis,
799 1840 834 1898 et
852 1834 983 1898 ceteris.

577 2003 665 2085 (147)
692 2001 748 2065 DE
773 2018 911 2064 EODEM.
962 2000 1085 2082 (Grant
1110 2002 1145 2065 ol
1169 2023 1189 2065 a
1213 2002 1371 2085 nativus).

506 2144 558 2209 Sc.
585 2163 677 2207 omn.
705 2149 778 2207 tam
803 2162 853 2225 pr.
880 2163 986 2226 quam
1012 2142 1076 2206 lut.
1103 2143 1197 2226 quod
1223 2164 1284 2228 ego
1311 2143 1459 2209 Rob'tus
1484 2145 1529 2209 fil.

420 2249 525 2313 Henr.
554 2248 598 2311 <le
630 2246 795 2329 Stauelay
818 2247 968 2310 concessi
993 2266 1033 2309 ac
1056 2247 1126 2330 qui.
1161 2247 1222 2311 cla.
1256 2249 1330 2311 Deo
1362 2254 1396 2311 et
1429 2250 1532 2312 beato

419 2352 587 2425 Wilfrido,
612 2350 740 2415 Will’m
765 2350 810 2414 fil.
840 2350 999 2433 Liholphi
1028 2371 1107 2414 cum
1136 2357 1212 2415 tota
1241 2353 1377 2436 sequela
1407 2372 1469 2416 sua
1498 2360 1532 2416 et

419 2457 520 2520 rebus
536 2462 571 2520 et
587 2454 721 2519 catallis
737 2475 762 2518 s.
782 2454 824 2517 de
843 2475 898 2517 me
918 2460 951 2517 et
974 2455 1044 2518 her.
1063 2475 1107 2518 m.
1127 2455 1161 2518 in
1178 2476 1272 2539 perp.
1291 2456 1339 2520 ita
1360 2456 1454 2539 quod
1470 2478 1532 2521 nec

419 2581 481 2644 ego
500 2580 564 2623 nec
583 2559 652 2622 her.
674 2578 720 2622 m.
743 2558 868 2622 amodo
888 2558 1123 2641 calumpniam
1143 2559 1197 2622 vel
1218 2559 1380 2624 clamium
1400 2561 1434 2625 in
1455 2561 1529 2625 eod.

419 2663 532 2728 Will’o
550 2668 585 2727 et
602 2682 672 2746 seq.
692 2668 807 2727 suaet
825 2668 892 2726 cat.
911 2682 936 2726 s
956 2663 1184 2738 mouebimus,
1204 2669 1238 2727 et
1256 2664 1432 2729 sciendum
1450 2686 1531 2730 vero

418 2767 513 2853 quod
528 2787 592 2851 pro
608 2768 672 2832 hac
689 2766 758 2851 qui.
777 2767 840 2831 cla.
859 2765 1021 2831 Canonici
1039 2766 1081 2831 de
1100 2767 1224 2851 Ripon'
1243 2768 1411 2834 dederunt
1428 2771 1531 2836 michi

418 2873 453 2937 in
474 2892 601 2957 magno
621 2872 762 2956 negocio
783 2891 859 2935 meo
880 2871 967 2935 duas
983 2892 1117 2935 marcas
1134 2878 1168 2935 et
1187 2872 1365 2937 dimidiam
1387 2876 1529 2959 argenti.

422 2978 466 3041 H.
488 2983 513 3040 t.
535 2976 673 3040 Simone
692 2975 735 3039 de
754 2974 931 3058 Coruburg
950 2981 984 3039 et
1005 2976 1135 3039 ceteris.

419 3155 459 3219 44
480 3159 510 3203 v.
597 3140 685 3223 (148)
713 3140 769 3203 DE
794 3158 920 3204 EODEM
947 3140 1070 3220 (Grant
1095 3148 1132 3206 to
1156 3143 1215 3205 the
1239 3143 1371 3226 fabric).

508 3281 560 3346 Sc.
582 3301 632 3365 pr.
654 3287 688 3345 el
709 3281 773 3346 fut.
795 3282 890 3365 quod
910 3302 971 3365 ego
992 3282 1122 3347 Alanus
1142 3282 1187 3346 fil.
1211 3284 1313 3348 Rob'i
1333 3285 1375 3348 de
1396 3285 1530 3350 Norton
1544 3302 1566 3336 0-
1582 3289 1707 3335 mam

419 3406 514 3449 conc.
534 3391 568 3449 el
587 3385 620 3449 h.
639 3405 672 3468 p.
692 3406 720 3449 c.
740 3405 785 3449 m.
805 3386 894 3449 conl.
915 3386 1008 3469 operi
1027 3387 1164 3450 ecclesie
1182 3387 1224 3451 de
1244 3388 1357 3471 Ripon
1375 3410 1434 3453 sex
1452 3391 1529 3454 den.
1575 3380 1708 3495 (plplinu

421 3489 602 3554 annuatim
619 3488 662 3552 de
678 3510 732 3552 me
749 3495 784 3552 et
801 3490 870 3552 her.
889 3510 933 3553 m.
953 3489 998 3553 ad
1017 3490 1113 3554 Pent.
1133 3491 1343 3574 recipiendos
1360 3493 1402 3556 de
1419 3495 1532 3577 capite
1601 3463 1616 3495 a
1639 3460 1700 3494 Μ’

420 3598 549 3667 nostre,
578 3593 629 3656 ita
656 3592 751 3676 quod
778 3593 806 3656 si
834 3593 923 3657 forte
951 3594 1160 3658 cessauerint
1189 3616 1209 3658 a
1237 3596 1330 3678 pred.
1360 3597 1533 3663 solucione

421 3696 620 3780 Capitulum
646 3696 770 3779 Ripon'
798 3698 926 3780 poterit
951 3718 1012 3780 per
1036 3719 1179 3781 corpora
1204 3705 1238 3762 et
1264 3701 1390 3765 catalla
1415 3709 1533 3767 nostra

421 3806 588 3885 tanquam
607 3800 806 3864 natiuorum
820 3822 961 3865 suorum
978 3823 1040 3865 nos
1056 3803 1258 3885 compellere
1277 3805 1322 3868 ad
1341 3806 1532 3888 predictam

421 3904 556 3968 firmam
575 3903 847 3986 persoluendam.
896 3906 940 3969 H.
962 3911 986 3969 t.
1008 3903 1048 3970 G.
1069 3906 1111 3969 de
1130 3907 1259 3970 Larder
1277 3914 1311 3971 et
1330 3910 1460 3974 ceteris.

425 4070 511 4154 (149)
546 4070 602 4134 DE
633 4088 770 4135 EODEM.
820 4069 942 4154 (Grant
974 4073 1010 4136 oi
1039 4094 1059 4136 a
1090 4074 1305 4157 rent-charge
1335 4075 1370 4139 in
1400 4077 1467 4141 lieu
1497 4078 1533 4141 ol

466 4175 618 4257 service).

508 4303 610 4368 Omn.
637 4303 680 4368 ad
704 4323 792 4388 quos
815 4323 865 4386 pr.
891 4324 953 4368 scr.
972 4305 1177 4387 peruenerit,
1196 4306 1303 4370 Alicia
1319 4306 1389 4371 filia
1407 4308 1708 4373 Ketellic.121c»122

424 4406 466 4470 de
484 4407 621 4490 Ripon’,
640 4428 688 4471 sa.
737 4406 789 4471 Sc.
809 4428 863 4471 me
881 4407 958 4471 ded.
978 4427 1072 4471 conc.
1093 4413 1127 4470 et
1146 4429 1178 4491 p.
1198 4430 1226 4473 c.
1246 4430 1290 4473 m.
1311 4410 1400 4475 coni.
1420 4411 1534 4476 Will'o
1589 4402 1708 4465 RYP⁰¹¹'·

424 4510 493 4573 filio
526 4531 603 4574 meo
637 4517 671 4574 et
706 4510 910 4593 cuicumque
945 4510 1037 4583 dare,
1067 4510 1224 4588 vendere,
1261 4512 1442 4595 assignare,
1478 4517 1533 4579 vel

425 4613 640 4698 inpignorare
671 4612 830 4686 voluerit,
864 4618 978 4676 totum
1011 4612 1062 4675 ius
1094 4619 1128 4676 et
1160 4614 1220 4678 cla.
1254 4614 1348 4698 quod
1379 4636 1534 4700 vnquam

427 4727 603 4735 ——.-.

495 4769 503 4791 ¹
522 4764 579 4813 The
592 4767 722 4829 previous
734 4763 845 4811 charter
858 4761 880 4807 is
892 4776 909 4809 a
922 4764 1004 4822 grant
1017 4760 1046 4808 ot
1059 4776 1076 4809 a
1089 4765 1204 4814 nativus.
