3950 5625
266 1008 289 1044 c.
312 997 395 1043 1216-

292 1074 376 1123 1234;

447 715 488 779 54
721 696 805 760 THE
832 695 986 760 {norrun
1014 695 1275 759 Manuscnrer.

776 873 841 956 (71)
868 874 989 938 Carra
1014 889 1062 936 or
1086 889 1224 936 ronan.

534 1002 651 1067 Sciant
676 1022 762 1085 preS.
790 1008 825 1065 et
851 1003 914 1067 fut.
942 1002 1037 1086 quod
1063 1022 1124 1086 ego
1150 1001 1324 1066 Galfridus
1349 1000 1391 1063 de
1417 996 1555 1070 Larder,

261 1143 294 1175 ¹ee
308 1128 361 1177 No.
376 1142 417 1189 72.
446 1106 637 1171 Canonieus
657 1106 782 1190 Ripon‚
803 1107 881 1170 dedi
901 1127 995 1171 conc.
1017 1113 1052 1170 et
1071 1107 1104 1170 h.
1125 1127 1158 1189 p.
1180 1127 1207 1169 c.
1229 1127 1273 1169 m.
1295 1104 1384 1168 conf.
1406 1103 1440 1165 in
1460 1120 1554 1184 perp.

446 1210 486 1274 cl.
514 1211 558 1275 ad
583 1216 808 1295 augmentum
833 1210 971 1274 luminis
996 1211 1115 1274 tumbe
1141 1209 1234 1274 beati
1258 1207 1417 1282 Wilfridi,
1444 1212 1557 1269 totam

447 1321 574 1380 terram
602 1314 637 1378 in
666 1315 786 1379 eadem
814 1315 896 1379 villa
924 1336 991 1398 que
1020 1321 1071 1378 est
1101 1314 1142 1378 de
1171 1312 1345 1397 prebenda
1373 1331 1450 1375 mea
1478 1315 1556 1393 post

446 1438 542 1502 sepes
561 1438 628 1501 que
647 1418 728 1482 olim
748 1419 860 1483 fuerat
880 1418 1028 1483 Aldelini
1047 1419 1090 1482 de
1110 1418 1276 1501 Prestlay,
1297 1421 1411 1500 preter
1429 1420 1557 1477 terram

446 1543 552 1605 quam
578 1522 739 1586 dederam
766 1528 847 1586 ante
874 1522 1004 1586 Thome
1031 1522 1073 1586 de
1100 1522 1241 1586 Skelton
1268 1541 1349 1584 coco
1375 1539 1462 1592 me0,
1490 1538 1557 1600 que

446 1626 549 1690 durat
569 1648 589 1690 a
608 1627 711 1691 domo
731 1626 815 1690 dicti
834 1615 963 1690 Thome
982 1647 1091 1711 vsque
1111 1632 1324 1710 terramque
1344 1625 1456 1688 iuerat
1476 1622 1557 1686 olim

445 1730 576 1794 Aluene
598 1738 633 1795 et
648 1729 755 1795 Alicie
777 1729 819 1796 de
836 1731 1028 1816 Grengelay
1049 1753 1168 1796 versus
1190 1731 1379 1804 orientem;
1405 1727 1554 1793 habend.

446 1840 480 1898 et
523 1832 660 1899 tenend.
705 1834 840 1900 custodi
882 1835 1027 1919 predicti
1069 1835 1218 1910 luminiS,
1262 1833 1436 1898 reddendo
1478 1831 1557 1895 inde

446 1938 627 2003 annuatim
650 1939 803 2003 Waltero
827 1940 869 2004 de
893 1941 1018 2004 Hawes
1041 1947 1076 2004 et
1100 1940 1213 2004 hered.
1238 1961 1263 2003 S.
1289 1938 1349 2022 ijd.
1375 1937 1556 2003 annuatim

445 2063 507 2126 pro
526 2043 618 2107 omni
636 2043 778 2107 seruicio
796 2049 831 2107 et
849 2044 1031 2108 exaccione
1048 2050 1083 2108 et
1101 2043 1283 2119 demanda,
1302 2042 1371 2106 scil.
1391 2041 1556 2106 medieta-

446 2153 517 2211 tem
541 2147 585 2212 ad
610 2148 707 2212 Pent.
733 2154 768 2211 et
791 2147 880 2212 med.
906 2148 951 2212 ad
974 2149 1102 2213 festum
1123 2149 1190 2213 S’ci
1214 2147 1364 2222 Martini,
1388 2147 1439 2210 ita
1462 2145 1556 2229 quod

445 2257 560 2315 totum
597 2251 771 2316 residuum
808 2252 1032 2317 emolumenti
1069 2253 1220 2336 predicte
1258 2259 1346 2316 terre
1382 2250 1483 2314 cedat
1520 2250 1553 2313 in

444 2376 546 2420 vsum
578 2361 613 2419 et
646 2355 829 2420 comodum
862 2356 1008 2439 predicti
1040 2356 1178 2421 luminis
1206 2357 1278 2420 sine
1311 2355 1552 2419 diminucione.

445 2460 502 2534 Et,
525 2465 565 2522 vt
586 2460 648 2523 hec
669 2480 746 2524 mea
767 2460 912 2524 donacio
934 2466 1011 2524 rata
1032 2467 1067 2524 et
1088 2460 1221 2525 stabilis
1242 2465 1453 2544 permaneat,
1477 2459 1555 2522 huic

444 2569 537 2628 carte
556 2564 652 2649 sigill.
672 2585 717 2628 m.
738 2565 893 2648 apposui.
942 2565 1018 2628 Hiis
1036 2565 1193 2639 testibus,
1215 2564 1344 2649 Mag’ro
1362 2564 1495 2627 Thoma
1513 2563 1554 2626 de

446 2667 612 2752 Kirkeby,
646 2669 760 2733 Will'o
792 2668 834 2732 de
868 2669 1035 2743 Masham,
1071 2670 1173 2733 Petro
1206 2668 1248 2732 de
1281 2668 1436 2751 Aywilla‚
1471 2673 1555 2732 tunc

444 2772 583 2849 balliu0,
616 2771 728 2837 Rob’o
758 2773 800 2837 de
831 2773 1030 2857 Biscopton,
1062 2773 1144 2839 d’no
1174 2774 1360 2856 Jeronim0,
1392 2772 1553 2848 Will’m0,

444 2877 580 2960 Joh’ne,
608 2878 724 2952 vicar,
753 2878 889 2942 Simone
922 2878 1073 2953 Castlok,
1101 2879 1253 2943 Waltero
1279 2878 1349 2942 filio
1376 2877 1552 2952 Bernardi,

445 2981 574 3046 Rob’to
593 2982 847 3066 Dispensatore,
868 2982 1023 3047 Gilberto
1041 2984 1071 3046 V
1073 2982 1222 3057 initario,
1242 2988 1277 3046 et
1296 2982 1414 3046 multis
1433 2982 1517 3047 aliis,

773 3151 839 3233 (72)
866 3150 987 3214 CARTA
1012 3167 1060 3214 or
1084 3168 1222 3215 EODEM.

531 3291 583 3356 Sc.
608 3312 699 3355 omn.
724 3297 798 3357 tam
820 3312 870 3376 pr.
895 3313 1001 3377 quam
1024 3294 1088 3357 fut.
1113 3292 1207 3377 quod
1230 3313 1291 3377 ego
1314 3292 1489 3357 Galfridus
1511 3292 1553 3355 de

379 3466 383 3476 ¹
443 3395 572 3461 Larder
591 3396 782 3461 Canonicus
803 3395 928 3479 Ripon’
951 3395 1040 3471 dedi,
1062 3417 1156 3460 conc.
1179 3396 1266 3460 eth.
1289 3417 1322 3480 p.
1344 3416 1372 3459 c.
1394 3417 1439 3460 m.
1462 3396 1551 3460 conf,

442 3500 477 3565 in
509 3521 583 3584 pur.
617 3506 652 3564 et
683 3521 777 3585 perp.
811 3501 851 3564 el,
885 3501 963 3565 eccl.
998 3500 1064 3565 S’ci
1096 3500 1244 3564 Wilfridi
1275 3501 1317 3564 de
1350 3500 1474 3585 Ripon'
1508 3501 1553 3565 ad

442 3604 734 3670 sustentacionem
764 3605 850 3668 cerei
881 3607 1001 3669 tumbe
1031 3604 1125 3670 illam
1154 3605 1377 3669 medietatem
1407 3606 1488 3669 tofti
1518 3606 1552 3670 in

444 3708 669 3794 Staynbrigat
701 3709 736 3773 in
769 3709 893 3794 Ripon’
927 3731 1033 3794 quam
1065 3710 1131 3773 emi
1163 3710 1205 3774 de
1237 3710 1345 3774 Alicia
1376 3710 1552 3794 quondam

442 3834 549 3878 vxore
581 3813 738 3899 Hugonis
769 3814 810 3878 de
842 3814 974 3879 Barton
1005 3814 1040 3878 in
1071 3813 1243 3879 viduitate
1274 3835 1346 3889 sua,
1379 3814 1552 3879 reddendo

444 3918 615 3984 Canonico
632 3918 772 3982 domino
788 3918 940 3983 eiusdem
957 3918 1048 3982 feodi
1064 3918 1099 3983 in
1117 3919 1323 3983 Inuencione
1342 3920 1415 3983 S’ce
1437 3920 1553 3984 Crucis

266 4036 329 4102 pint
339 4038 368 4087 of
378 4023 454 4107 alei
479 4022 668 4088 sextarium
688 4023 828 4088 ceruisie
848 4044 908 4106 per
928 4044 1057 4088 annum
1078 4044 1139 4105 pro
1159 4024 1319 4088 omnibus
1338 4024 1488 4089 seruiciis
1508 4026 1552 4090 ad

447 4129 509 4211 (25)
545 4148 624 4192 eum
657 4128 919 4211 pertinentibus.
989 4129 1034 4191 Et
1063 4134 1217 4212 preterea
1249 4127 1259 4211 j
1296 4130 1425 4193 toftum
1458 4131 1552 4214 quod

445 4232 579 4297 adiacet
609 4232 700 4296 tofto
730 4232 853 4296 Aluine
883 4233 925 4296 de
953 4231 1101 4317 Gringel'
1126 4253 1244 4296 versus
1268 4234 1479 4298 occidentem
1511 4235 1552 4298 de

444 4337 564 4401 eadem
585 4336 770 4420 prebenda,
794 4336 984 4401 Reddendo
1005 4336 1084 4399 inde
1105 4336 1187 4400 d'no
1207 4337 1359 4401 eiusdem
1380 4339 1551 4420 prebende

443 4439 540 4523 iiijd.,
561 4439 621 4523 ijd.
643 4439 688 4504 ad
708 4439 805 4503 Pent.
827 4446 862 4504 et
881 4439 940 4524 ijd.
963 4439 1006 4505 ad
1027 4441 1103 4504 fest.
1126 4440 1191 4504 S'ci
1212 4442 1351 4506 Martini
1370 4444 1551 4508 annuatim

442 4563 504 4628 pro
544 4543 637 4607 omni
676 4543 819 4607 seruicio
858 4544 902 4608 ad
941 4564 1020 4609 eum
1059 4544 1262 4627 pertinente.
1311 4546 1357 4609 Et
1396 4553 1551 4629 preterea

439 4647 540 4715 iuxta
566 4648 708 4712 domum
735 4648 854 4712 Aldus’
885 4648 978 4713 Brun
1003 4655 1130 4713 terram
1153 4650 1310 4732 proximo
1334 4650 1549 4717 adiacentem

441 4774 559 4819 versus
579 4752 785 4836 aquilonem,
809 4752 998 4817 Reddendo
1018 4754 1097 4817 inde
1117 4754 1297 4819 annuatim
1319 4755 1430 4820 Rob'o
1451 4757 1549 4821 fabro
