3950 5625
781 694 1012 761 Cauiorum.
1411 688 1453 772 83

336 875 464 960 assign.
482 881 606 940 contra
622 895 714 940 omn.
733 875 824 940 hom.
844 896 923 940 war.
942 875 976 939 in
994 895 1088 959 perp.
1137 875 1178 938 In
1193 873 1292 937 cuius
1308 871 1354 934 rei
1372 876 1452 934 test.

337 985 414 1043 tam
430 1000 614 1063 nosquam
631 979 725 1062 pred.
744 979 861 1043 Simon
877 979 1094 1062 presentibus
1110 978 1245 1061 scriptis
1260 977 1295 1041 in
1312 974 1454 1040 modum

337 1083 518 1166 cyrograffi
545 1083 664 1148 diuisis
690 1084 886 1148 alternatim
914 1083 974 1167 sig.
1001 1089 1119 1148 nostra
1143 1081 1359 1165 apponimus.
1384 1100 1453 1143 vna

337 1207 419 1250 cum
437 1186 498 1270 sig.
519 1187 668 1270 Capituli
688 1185 813 1269 Ripon’
832 1186 926 1271 quod
944 1186 989 1251 ad
1007 1187 1174 1269 seriptum
1192 1185 1286 1269 pred.
1307 1182 1454 1248 Simonis

339 1290 602 1374 procurauimus
625 1291 763 1373 apponi.
813 1291 857 1355 H.
882 1297 907 1355 t.
933 1290 1031 1355 D'nis
1054 1291 1138 1354 Tho.
1164 1289 1208 1354 til.
1235 1287 1362 1361 Etiam,
1387 1285 1452 1350 Ad.

340 1393 384 1458 de
417 1393 608 1478 Pinkneyg,
642 1395 775 1459 Thoma
808 1394 850 1459 de
883 1394 1054 1469 Wakield,
1090 1394 1174 1478 Rog.
1210 1393 1252 1457 de
1285 1392 1318 1456 la
1351 1391 1452 1474 Leye‚

341 1497 550 1574 Perceuallo,
569 1499 659 1583 Hug.
678 1499 720 1562 de
743 1498 951 1573 Roderham,
969 1498 1083 1562 Will'o
1106 1498 1150 1562 de
1174 1495 1347 1570 Grenfeld,
1370 1501 1453 1558 tunc

341 1601 522 1666 Canonicis
546 1602 670 1686 Rip0n‚
696 1603 769 1667 Ric.
793 1602 835 1666 de
858 1602 1029 1667 Bannfeld
1054 1609 1137 1666 tunc
1161 1601 1289 1666 balliuo
1314 1598 1452 1682 Ripon’,

341 1705 455 1770 Will’o
482 1706 638 1781 Aldreth,
668 1707 797 1771 Rob'to
825 1707 866 1771 de
895 1707 1015 1781 Miton,
1043 1707 1147 1770 Walt'
1176 1706 1218 1769 de
1245 1703 1452 1775 Geuendale,

343 1809 430 1893 Rog’
450 1809 561 1885 fabro,
581 1816 616 1873 et
635 1810 719 1876 aliis.

550 2013 638 2097 (126)
665 2014 785 2079 CAurr
810 2032 858 2080 DE
882 2016 1092 2080 ruuuueur’
1118 2015 1249 2080 vrcan'.

430 2183 533 2247 Omn.
549 2183 640 2247 hom.
655 2203 705 2266 pr.
719 2189 804 2248 cart.
819 2183 881 2248 vis,
896 2183 951 2247 vel
964 2184 1044 2248 aud.
1061 2183 1210 2247 Rob’tus
1223 2182 1455 2264 Brokenbayn
1534 2235 1539 2244 .
1574 2209 1587 2242 2
1627 2232 1632 2244 .

344 2293 378 2351 et
406 2287 570 2351 Elianora
597 2307 654 2351 vx.
684 2287 766 2363 eius,
795 2307 843 2352 sa.
874 2288 907 2351 in
937 2287 1038 2352 D’n0.
1086 2287 1260 2351 Noueritis
1287 2306 1350 2350 nos
1377 2284 1454 2349 ded.

344 2411 437 2455 conc.
461 2390 550 2454 eth.
573 2410 605 2473 p.
628 2411 656 2455 o.
679 2391 768 2456 conf.
791 2391 873 2455 d'no
893 2391 982 2456 Will.
1005 2392 1036 2455 ie
1056 2392 1203 2456 Wausor
1222 2410 1284 2473 pro
1304 2389 1457 2471 quadam

345 2514 480 2560 summa
497 2494 641 2578 pecunie
658 2516 763 2579 quam
781 2496 880 2560 nobis
897 2495 994 2559 dedit
1011 2516 1071 2578 pre
1088 2495 1248 2559 manibus
1266 2494 1299 2558 in
1318 2493 1458 2575 negocio

346 2604 474 2674 nostro,
498 2598 722 2664 medietatem
745 2599 834 2664 illius
857 2606 945 2663 terre
967 2599 1010 2662 de
1034 2599 1190 2681 Prestlay
1212 2619 1280 2682 que
1302 2598 1390 2661 iacet
1414 2596 1458 2661 ad

347 2702 542 2766 Bercariam
572 2702 696 2767 domus
727 2703 800 2767 S'ce
831 2704 936 2767 Marie
968 2703 1180 2787 Magdalene,
1212 2702 1302 2765 inter
1332 2708 1458 2765 terram

346 2805 448 2871 Will’i
480 2805 584 2871 Fabri
617 2814 651 2871 et
684 2807 777 2872 viam
809 2807 946 2893 regiam,
980 2828 1087 2891 quam
1118 2828 1164 2871 sc.
1198 2806 1335 2871 mediet.
1371 2812 1459 2869 terre

346 2910 530 2977 habuimus
549 2911 592 2975 de
611 2912 683 2975 iure
703 2919 782 2994 post
802 2919 949 2976 mortem
969 2911 1114 2976 Gamelli
1134 2911 1176 2974 de
1198 2911 1317 2974 Ponte.
1366 2910 1456 2974 Hab.

348 3021 379 3079 et
395 3021 466 3079 ten.
484 3035 562 3079 cum
580 3021 666 3099 pert.
685 3015 749 3079 eid.
767 3016 849 3079 d’no
865 3016 978 3079 Will’o
995 3022 1029 3079 et
1046 3016 1115 3078 her.
1133 3035 1158 3078 s.
1177 3016 1231 3078 vel
1248 3035 1314 3078 eor.
1334 3014 1456 3096 assign.

348 3119 386 3183 de
409 3118 493 3184 d'no
516 3118 630 3183 Will'o
653 3119 683 3183 le
707 3120 850 3184 Vawsur
873 3120 1038 3184 canonico
1063 3120 1187 3202 Ripon’
1213 3119 1292 3182 eccl.
1319 3124 1352 3181 et
1377 3117 1459 3180 d’no

347 3222 433 3287 illius
462 3222 553 3287 feodi
581 3229 615 3286 et
643 3223 685 3287 (16
712 3244 801 3288 succ.
827 3244 852 3288 s.
878 3224 1062 3299 canonicis,
1088 3224 1120 3287 li.
1150 3223 1220 3307 qui.
1247 3224 1333 3285 bene
1361 3227 1395 3283 et
1423 3221 1458 3284 in

347 3347 438 3409 pace,
460 3348 541 3391 cum
560 3347 652 3392 omn.
678 3328 735 3391 lib.
768 3328 910 3411 aysiam.
933 3334 1032 3391 tante
1052 3334 1141 3391 terre
1161 3327 1283 3410 pertin.
1306 3327 1340 3389 in
1361 3345 1455 3408 perp.

349 3429 455 3496 Redd.
484 3431 563 3496 inde
590 3452 622 3515 p.
651 3453 729 3496 ann.
758 3431 822 3496 eid.
851 3432 932 3496 d'no
958 3432 1072 3495 Will'o
1098 3432 1128 3494 le
1154 3432 1295 3495 Vausor
1320 3449 1394 3494 can.
1423 3436 1457 3493 et

348 3554 433 3600 succ.
455 3542 483 3600 's.
505 3535 689 3611 canonicis
711 3535 783 3619 vjd.
807 3542 936 3619 argent.
959 3536 1097 3599 mediet.
1120 3556 1165 3599 sc.
1189 3534 1233 3599 ad
1255 3534 1276 3597 f.
1300 3534 1332 3597 S.
1356 3534 1399 3598 M.
1423 3541 1457 3597 et

348 3639 447 3704 aliam
469 3639 558 3703 med.
582 3639 626 3704 ad
649 3640 746 3704 Pent.
769 3660 831 3723 pro
852 3640 1012 3704 omnibus
1036 3639 1185 3703 serviciis
1206 3644 1239 3701 et
1262 3639 1363 3701 rebus
1384 3638 1458 3701 aliis

347 3762 409 3827 que
429 3742 526 3827 pred.
545 3749 632 3807 terre
653 3744 804 3808 accidere
824 3750 978 3828 possunt.
1030 3744 1220 3825 (Warrantp
1244 3742 1377 3821 clause).
1417 3742 1457 3805 In

348 3866 371 3911 c.
393 3868 418 3912 r.
442 3853 467 3911 t.
491 3847 523 3911 h.
546 3868 573 3911 c.
597 3868 629 3931 p.
652 3848 711 3932 sig.
734 3854 853 3912 nostra
873 3848 1106 3931 apposuimus.
1155 3847 1199 3910 H.
1222 3852 1260 3919 t.,
1281 3844 1395 3909 Will'o
1415 3845 1457 3908 de

348 3948 520 4035 Stodelay‚
535 3952 648 4016 Will'o
661 3951 816 4027 Aldreth,
833 3952 945 4016 Rob'o
958 3952 1001 4015 de
1018 3952 1139 4025 Miton,
1155 3950 1228 4013 Ric’
1244 3948 1456 4033 Carpentar’‚

349 4052 430 4140 Rog.
454 4056 564 4130 fabro,
585 4062 619 4119 et
640 4056 724 4120 aliis

351 4268 397 4333 4ο.
449 4245 452 4252 “
733 4261 820 4342 (127)
849 4260 905 4324 Da
930 4278 1068 4325 ronan.

432 4426 564 4491 Notum
596 4426 641 4489 sit
674 4427 843 4501 omnibus,
877 4437 927 4510 pr.
961 4432 996 4490 et
1029 4426 1092 4490 fut.
1127 4445 1176 4508 pr.
1210 4443 1272 4488 scr.
1306 4423 1367 4486 vis.
1402 4422 1457 4487 vel

350 4530 524 4604 audituris,
559 4530 652 4613 quod
685 4550 747 4612 ego
780 4530 913 4594 Matild’
946 4528 1124 4613 quondam
1157 4549 1214 4591 vx.
1249 4527 1379 4590 Thome
1412 4526 1456 4590 ad

351 4629 491 4697 Pontem
514 4634 548 4697 in
571 4633 744 4697 viduitate
766 4653 844 4697 mea
866 4639 900 4697 et
923 4632 1003 4716 ligia
1025 4636 1210 4714 potestate,
1234 4628 1323 4702 dedi,
1347 4648 1455 4703 conc„

351 4742 382 4797 et
400 4758 432 4821 p.
455 4759 482 4802 c.
505 4737 595 4801 cons.
618 4736 700 4800 d'no
720 4736 833 4800 Will’o
857 4737 887 4799 le
908 4736 1042 4799 Vausor
1065 4753 1127 4816 pro
1147 4732 1300 4818 quadam
1320 4750 1457 4795 summa
