3950 5625
709 703 803 771 Acts
826 724 871 771 or
895 705 1074 774 omnm.
1384 725 1445 790 133

337 889 512 947 consueta.
561 884 606 948 Et
631 884 658 948 si
683 885 862 970 contingat
887 885 1079 970 predictum
1105 886 1278 951 redditum
1303 887 1445 971 triginta

338 992 371 1050 et
398 987 552 1072 quinque
579 988 766 1054 solidorum
794 996 828 1054 et
856 995 934 1053 octo
962 990 1179 1055 denariorum
1208 1013 1228 1056 a
1255 997 1346 1055 retro
1373 1011 1444 1054 esse
1521 993 1601 1069 Ἡ

340 1092 458 1173 (potuer
473 1098 503 1156 to
520 1092 686 1174 distrain).
736 1095 791 1158 lta
807 1115 941 1178 semper
956 1095 1050 1178 quod
1066 1095 1269 1178 Capellanus
1285 1095 1444 1159 Cantarie
1458 1096 1646 1159 rur-cnaptan

337 1195 488 1278 predicte
519 1217 578 1280 qur
609 1218 670 1280 pro
702 1205 855 1282 ternpore
885 1199 987 1263 fuerit
1018 1200 1200 1264 matutinis
1230 1200 1379 1283 vesperis
1409 1206 1443 1264 et
1459 1168 1643 1283 miffcffisffn

338 1299 412 1384 alijs
448 1301 539 1364 horis
573 1302 744 1366 canonicis
780 1303 812 1366 in
848 1304 951 1366 choro
985 1303 1076 1366 dicte
1111 1304 1248 1366 ecclesie
1282 1304 1443 1368 continue

336 1403 481 1468 intersit.
516 1405 580 1476 ,Et
605 1426 666 1490 ego
690 1427 771 1470 vero
795 1406 969 1490 predictus
994 1406 1108 1471 Dauid
1134 1406 1348 1489 (Warrantv).
1403 1407 1442 1472 In

335 1507 429 1572 cuius
463 1509 507 1571 rei
542 1515 610 1573 test
637 1510 670 1573 h.
700 1530 732 1593 p.
763 1531 791 1574 c.
821 1511 881 1594 sig.
911 1533 955 1574 m.
986 1512 1142 1595 apposui,
1174 1511 1252 1595 Hijs
1282 1513 1440 1588 testibus,

336 1611 469 1696 Rogero
490 1612 531 1676 de
552 1614 697 1697 Hewyk,
719 1614 856 1678 Simone
875 1613 1012 1688 Warde,
1033 1614 1221 1678 Cristoloro
1241 1615 1440 1698 Maylloure,

334 1717 511 1790 militibus,
537 1717 696 1799 Johanne
720 1718 762 1781 de
784 1717 1000 1800 Schyrwode,
1027 1718 1155 1782 Rob’to
1177 1719 1219 1782 de
1240 1719 1440 1797 Brunhows

335 1819 493 1901 Johanne
521 1821 563 1884 de
594 1821 750 1898 Tanield
780 1822 930 1887 Will'mo
957 1822 1000 1886 de
1031 1823 1186 1899 Scotton,
1216 1824 1368 1889 Waltero
1399 1825 1441 1889 de

335 1923 450 2000 Ledes‚
473 1932 508 1988 et
528 1927 647 1991 multis
667 1926 751 1989 aliis
800 1927 881 1990 Dat.
904 1926 998 2010 apud
1022 1927 1147 2010 Ripon,
1169 1928 1330 1992 vicesimo
1351 1950 1441 1993 nono

334 2027 387 2092 die
407 2031 533 2093 mensis
553 2029 684 2113 Marcij‚
702 2030 803 2094 Anno
824 2031 916 2114 regni
940 2030 1043 2115 Regis
1063 2031 1224 2096 Edwardi
1246 2033 1341 2096 tercii
1362 2039 1440 2116 post

333 2140 560 2217 conquestum
578 2134 841 2218 quadragesimo
860 2136 975 2200 tercio

419 2301 603 2366 Ordinacio
640 2322 721 2364 vero
757 2302 848 2365 dicte
884 2302 1044 2366 Cantarie
1081 2324 1141 2387 per
1177 2303 1308 2367 dictum
1345 2304 1441 2369 d'nm
1473 2314 1639 2362 ordination

334 2404 447 2468 Dauid
466 2406 559 2469 iacta
577 2407 733 2488 sequitur
750 2407 785 2470 in
804 2407 894 2470 hunc
913 2407 1065 2471 modum.
1490 2381 1624 2510 ςῧὶἑῗξΥ

420 2569 460 2631 ln
478 2569 606 2652 primis,
626 2569 800 2652 predictus
817 2569 893 2632 d'ns
911 2570 1088 2651 Johannes
1105 2571 1206 2646 Clint,
1226 2571 1439 2654 CapellanuS,
1467 2590 1601 2652 cnaplain
1616 2594 1646 2637 to

333 2681 365 2736 et
395 2693 604 2737 successores
634 2674 685 2737 sui
714 2674 889 2757 Capellam
919 2674 1079 2738 Cantarie
1109 2674 1260 2758 predicte
1289 2677 1349 2760 qui
1379 2697 1440 2760 pro

1455 2657 1489 2705 be
1503 2661 1614 2719 present
1627 2656 1645 2704 ir

1512 2723 1597 2779 choir,

333 2781 486 2860 tempore
515 2777 641 2841 luerint
670 2777 829 2841 intersint
858 2779 1082 2861 personaliter
1110 2780 1144 2844 in
1173 2780 1275 2844 choro
1304 2780 1440 2844 ecclesie

332 2887 446 2945 nostre
466 2882 580 2965 Ripon
599 2882 633 2945 in
653 2882 775 2946 habitu
794 2882 995 2947 condecenti
1014 2883 1168 2967 quolibet
1188 2882 1241 2947 die
1260 2884 1441 2948 matutinis

332 2984 422 3049 horis
453 2986 626 3049 canonicis
657 3007 779 3070 magne
811 2988 922 3061 misse,
956 2988 1116 3070 vesperis
1150 2993 1184 3050 et
1216 2988 1250 3051 in
1282 2989 1442 3053 omnibus

332 3090 602 3173 processionibus
626 3091 714 3154 sicut
739 3091 841 3155 ceteri
861 3074 1014 3178 'ministri
1039 3091 1176 3154 ecclesie
1200 3091 1352 3174 predicte
1376 3092 1440 3156 nisi

332 3193 532 3257 infirmitate
561 3194 687 3259 tuerint
720 3195 862 3269 detenti,
891 3196 945 3259 vel
978 3195 1130 3279 aliquam
1163 3215 1303 3259 causam
1335 3197 1440 3261 racio-

331 3299 479 3362 nabilem
511 3300 694 3363 habuerint
726 3320 915 3384 perquam
941 3306 1104 3382 poterunt
1133 3299 1248 3362 debite
1272 3300 1436 3364 excusari.

332 3401 396 3485 Qui
408 3403 549 3487 quidem
561 3402 637 3467 d'ns
650 3404 825 3485 Johannes
838 3404 928 3467 Clint
941 3410 974 3466 et
987 3424 1196 3467 successores
1208 3404 1259 3467 sui
1272 3404 1438 3487 capellani
1482 3413 1536 3488 anu
1551 3413 1622 3461 suan

332 3506 421 3570 dicte
455 3507 614 3570 Cantarie
647 3528 709 3590 pro
742 3508 869 3571 salubri
902 3515 998 3572 statu
1032 3514 1150 3572 nostro
1182 3518 1216 3572 et
1250 3508 1333 3572 dicti
1366 3510 1437 3573 d'ni
1475 3479 1551 3542 (tany
1570 3480 1627 3527 ⁰ffi'

1494 3546 1565 3594 ciate
1579 3550 1609 3595 at

332 3610 445 3676 Dauid
472 3633 511 3675 ac
537 3611 784 3676 venerabilium
809 3612 961 3677 virorum
987 3613 1205 3677 dominorum
1232 3613 1369 3677 Henrici
1396 3613 1438 3677 de
1452 3614 1491 3661 St·
1510 3612 1646 3661 Andrew’s

333 3715 485 3800 lngelby,
516 3716 674 3780 Willelmi
702 3717 744 3780 de
773 3718 913 3791 Dalton,
941 3717 1192 3781 Canonicorum
1221 3718 1336 3792 Ebur,
1366 3718 1437 3782 d’ni
1464 3680 1646 3809 tlffltssgsigsss,

332 3819 460 3884 Thome
479 3820 521 3883 de
539 3820 671 3904 Newby
689 3821 850 3885 Canonici
870 3822 1022 3895 Lincoln‚
1042 3827 1075 3883 et
1095 3820 1161 3883 d'ci
1179 3821 1250 3884 d'ni
1269 3822 1438 3903 Johannis
1496 3814 1605 3861 named.

332 3923 420 3988 Clint
447 3924 531 3988 dum
557 3925 753 3998 vixerimus
781 3931 814 3988 et
842 3926 1023 3990 animabus
1048 3925 1173 3989 nostris
1199 3946 1278 3989 cum
1303 3927 1348 3989 ab
1374 3928 1438 3990 hac

332 4014 403 4092 luce
431 4028 597 4113 migraue-
625 4030 675 4112 (57
703 4031 746 4112 v.)
778 4030 892 4105 rimus
918 4051 1050 4093 necnon
1082 4029 1263 4093 animabus
1294 4029 1438 4094 Galiridi
1514 4031 1586 4093 nbp.

332 4133 507 4217 quondam
535 4134 637 4197 Ebor.
667 4134 849 4217 Archiep'i,
879 4133 1035 4197 Godfridi
1064 4139 1098 4195 et
1126 4132 1270 4196 Gallridi
1299 4096 1646 4225 Larder,p1ffiii³aflg1iet,

333 4258 370 4301 ac
385 4238 493 4302 eciam
508 4238 688 4302 animabus
703 4245 897 4322 parentum,
913 4238 1112 4310 amicorum,
1129 4243 1163 4300 et
1179 4237 1437 4302 benefactorum

332 4348 526 4406 nostrorum
566 4349 600 4405 et
640 4344 794 4407 omnium
834 4342 986 4405 fidelium
1026 4340 1278 4415 detunctorum,
1320 4341 1439 4405 diuina

333 4446 441 4510 officia
465 4447 606 4530 singulis
631 4447 751 4511 diebus
776 4446 820 4510 ad
845 4446 954 4510 altare
979 4445 1096 4508 Sancti
1121 4445 1256 4508 Andree
1281 4446 1438 4529 Apostoli

334 4550 481 4614 indicta
505 4551 644 4614 ecclesia
667 4558 784 4614 nostra
808 4549 932 4632 Ripon’
957 4554 1124 4630 perpetuo
1146 4549 1379 4625 celebrabunt,
1403 4556 1438 4614 et

334 4653 398 4717 alia
426 4655 553 4718 facient
583 4661 617 4717 et
647 4654 839 4736 implebunt
868 4671 935 4735 que
965 4650 1104 4716 interius
1133 4652 1331 4717 recitantur.
1391 4653 1438 4717 Et

333 4759 619 4843 quandocumque
650 4758 744 4821 dicta
775 4753 937 4821 Cantaria
967 4772 1103 4819 exnunc
1133 4754 1320 4831 vacauerit,
1353 4756 1439 4819 D'ns
