3950 5625
770 672 864 736 Acrs
887 688 933 736 or
956 671 1135 736 Cuarreu.

402 869 439 937 5ο
454 880 484 923 ν.
629 852 716 935 (175)
744 852 799 915 De
824 868 1020 916 prusenus
1045 869 1092 914 or,
1116 851 1285 916 Nouum.

486 995 691 1071 Alexander,
711 996 931 1079 permissione
950 995 1068 1058 diuina
1088 996 1190 1058 Ebor.
1211 995 1367 1078 Arcbiep.
1388 995 1509 1078 Anglie

403 1101 542 1175 PrimaS,
566 1107 600 1164 et
624 1100 809 1184 apostolice
831 1100 920 1163 sedis
941 1100 1084 1184 legatus,
1103 1099 1235 1162 dilectis
1257 1099 1333 1162 filiis
1349 1099 1508 1182 Capitulo

402 1205 537 1269 ecclesie
575 1211 690 1269 nostre
727 1204 849 1288 Colleg.
891 1203 1039 1288 Rypon',
1078 1204 1236 1275 salutem,
1275 1203 1434 1287 graciam,
1474 1209 1507 1266 et

403 1309 686 1374 benediccionem.
734 1308 819 1372 Cum
845 1328 907 1372 nos
930 1308 974 1372 ad
998 1308 1271 1371 nominacionem
1299 1307 1509 1371 excellentis-

403 1413 476 1477 simi
509 1413 671 1497 principis
695 1419 729 1476 et
753 1412 884 1477 domini
908 1413 1016 1476 nostri
1040 1412 1111 1477 d'ni
1138 1411 1275 1475 Ricardi
1302 1412 1364 1474 Dei
1396 1412 1509 1496 gracia

405 1517 504 1602 Regis
520 1517 640 1602 Anglie
657 1523 690 1580 et
709 1517 850 1581 Francie
867 1523 901 1580 et
918 1517 990 1580 d'ni
1007 1517 1170 1580 Hibemie
1187 1516 1317 1580 virtute
1333 1516 1510 1580 literarum

404 1621 668 1705 apostolicarum
712 1622 823 1685 eidem
867 1621 948 1684 d'no
994 1621 1077 1704 Regi
1122 1641 1369 1695 concessarum,
1416 1621 1511 1684 d’nm

404 1727 538 1809 Job'em
562 1727 750 1810 Bouruyng
778 1725 1005 1808 presbiterum
1033 1725 1077 1789 ad
1105 1725 1347 1789 canonicatum
1377 1733 1410 1788 et
1439 1745 1511 1809 pre-

404 1832 550 1895 bendam
571 1831 613 1894 de
633 1830 794 1914 Nunwyk
814 1830 848 1894 in
868 1830 946 1893 eccl.
969 1830 1123 1913 predicta
1145 1850 1205 1913 per
1226 1836 1372 1894 mortem
1394 1831 1512 1914 Mag'ri

406 1936 516 2018 Joh'is
531 1935 574 2000 de
591 1935 768 2018 Thoresby
783 1934 894 1998 Vltimi
911 1934 1066 1997 canonici
1082 1939 1115 1996 et
1132 1934 1346 2017 prebendarii
1362 1935 1514 1998 eiusdem

405 2047 567 2104 vacantes
608 2045 780 2124 quatenus
821 2039 863 2102 de
905 2038 977 2102 iure
1019 2059 1059 2102 ac
1100 2038 1231 2102 virtute
1272 2039 1384 2123 gracie
1425 2039 1514 2102 sedis

406 2145 589 2228 apostolice
619 2151 654 2208 et
684 2143 932 2207 nominacionis
963 2142 1115 2226 predicte
1146 2144 1350 2207 tenebamur
1379 2150 1413 2207 et
1444 2164 1512 2207 non

406 2249 512 2320 aliter,
532 2249 636 2312 saluis
654 2247 753 2311 nobis
772 2253 806 2311 et
825 2247 1076 2311 successoribus
1096 2248 1221 2310 nostris
1240 2269 1280 2311 ac
1298 2248 1377 2312 eccl.
1398 2254 1513 2311 nostre

407 2353 556 2436 predicte
588 2352 850 2435 excepcionibus
880 2358 915 2415 et
946 2351 1201 2416 defensionibus
1241 2353 1514 2436 quibuscumque

407 2463 478 2521 tam
518 2457 719 2521 nullitatum
759 2477 864 2540 quam
905 2456 1050 2520 aliarum
1090 2457 1312 2520 materiarum
1352 2477 1513 2541 quarum·

407 2582 552 2646 cumque
593 2561 870 2644 competentibus
911 2566 945 2623 et
986 2561 1235 2644 competituris,
1279 2567 1351 2625 tam
1393 2568 1513 2626 contra

406 2686 586 2749 personam
621 2665 746 2749 prefati
781 2664 852 2728 d’ni
888 2664 999 2746 Joh’is
1034 2685 1139 2749 quam
1175 2665 1300 2740 literas,
1337 2687 1513 2750 processus

407 2771 577 2854 predictos
614 2769 862 2845 admiserimus
901 2770 999 2833 vobis
1036 2770 1241 2834 mandamus
1278 2771 1442 2855 quatinus
1478 2772 1512 2835 in

405 2876 576 2959 premissis
597 2876 686 2939 circa
708 2874 881 2958 prefatum
904 2874 1000 2938 d’nm
1022 2874 1158 2956 Joh'em
1181 2875 1234 2938 vel
1257 2882 1512 2959 procuratorem

405 3000 504 3044 suum
523 2980 595 3044 eius
613 2979 751 3043 nomine
770 2979 804 3042 in
823 2979 888 3042 bac
906 2985 1004 3062 parte
1023 2979 1165 3043 vlterius
1184 2981 1400 3065 exequamini
1419 2981 1513 3065 quod

407 3091 456 3148 est
494 3091 659 3148 vestrum.
707 3083 836 3147 Valete.
886 3083 965 3147 Dat.
1008 3083 1101 3167 apud
1139 3083 1274 3159 Cawod
1315 3085 1420 3148 tercio
1459 3085 1512 3148 die

408 3189 530 3253 mensis
555 3187 744 3271 Februarij,
769 3188 870 3251 Anno
895 3187 974 3251 D’ni
1002 3188 1142 3251 Mill’mo
1173 3203 1271 3252 cccffi0
1294 3190 1512 3274 octogesimo

409 3300 440 3357 et
460 3299 576 3358 nostre
595 3293 868 3357 Consecracionis
887 3293 1044 3376 septimo,

627 3459 713 3544 (176)
741 3460 796 3523 Dr
821 3476 1017 3524 PREBENDA
1042 3478 1089 3523 or
1114 3460 1294 3525 Nouwvn.

496 3604 536 3667 In
564 3602 627 3665 Dei
653 3603 800 3677 nomine,
829 3603 948 3666 Amen.
998 3602 1079 3678 NoS,
1107 3602 1304 3686 Capitulum
1331 3605 1409 3668 eccl.
1438 3605 1512 3668 coll.

411 3707 557 3792 Rypon',
590 3708 692 3771 Ebor.
725 3707 810 3771 dioc.
844 3713 878 3770 te
909 3707 1005 3771 d'nm
1036 3708 1172 3790 Joh’em
1203 3708 1245 3771 de
1276 3709 1440 3793 Bouryng
1470 3709 1514 3773 ad

409 3812 617 3894 prebendam
637 3812 679 3875 de
699 3811 870 3894 Nunwyk,
891 3832 1001 3895 nuper
1019 3832 1079 3895 per
1098 3818 1244 3876 mortem
1265 3813 1383 3897 Mag'ri
1404 3813 1515 3895 Job'is

410 3916 449 3979 de
468 3916 644 3998 Thoresby
663 3916 775 3979 vltimi
794 3916 1009 3999 prebendarij
1032 3916 1183 3979 eiusdem
1202 3923 1395 3991 vacantem,
1416 3918 1514 3981 iuxta

410 4020 565 4096 formam,
586 4020 668 4094 vim,
690 4026 723 4083 et
744 4020 905 4083 effectum
924 4020 1128 4103 prouisionis
1147 4027 1180 4084 et
1200 4021 1310 4104 gracie
1330 4022 1515 4105 apostolice

410 4124 443 4187 in
472 4125 566 4189 dicta
594 4124 671 4188 eccl.
702 4124 744 4187 de
773 4124 898 4208 Rypon
928 4124 991 4187 tibi
1020 4124 1100 4189 fact.
1130 4145 1170 4188 ac
1197 4125 1312 4209 vigore
1340 4126 1515 4190 literarum

411 4228 626 4293 illustrissimi
669 4228 831 4312 principis
875 4228 1013 4292 Ricardi
1058 4229 1159 4313 Regis
1202 4229 1300 4314 Angl.
1344 4237 1516 4314 quatenus

410 4334 538 4397 virtute
564 4333 767 4416 prouisionis
793 4339 826 4396 et
853 4333 1067 4397 execucionis
1093 4334 1174 4396 lact.
1202 4354 1262 4416 per
1287 4354 1377 4398 exec.
1405 4336 1516 4420 gracie

412 4443 597 4501 memorate
630 4437 672 4500 de
706 4437 777 4500 iure
810 4443 974 4511 amamur,
1011 4457 1143 4500 necnon
1177 4438 1307 4501 virtute
1341 4438 1516 4503 literarum

413 4540 601 4605 Reuerendi
627 4541 661 4604 in
687 4561 756 4624 xpo
781 4541 889 4625 patris
915 4547 949 4604 et
977 4541 1048 4604 d’ni
1081 4540 1151 4604 d’ni
1182 4541 1278 4606 Alex.
1310 4541 1373 4605 Dei
1404 4543 1518 4627 gracia

413 4644 512 4710 Ebor.
534 4644 691 4727 Arcbiep.
712 4645 740 4708 si
760 4644 853 4708 dicta
873 4644 1047 4729 prebenda
1067 4643 1109 4706 de
1126 4644 1287 4727 Nunwyk
1304 4645 1367 4708 tibi
1383 4653 1417 4710 et
1434 4645 1518 4710 nulli

414 4748 468 4811 alii
490 4749 532 4813 de
555 4750 626 4813 iure
650 4747 817 4813 debeatur
840 4755 873 4812 et
897 4770 966 4812 non
991 4747 1099 4820 aliter,
1125 4754 1159 4811 te
1183 4748 1401 4813 admittimus
1423 4750 1519 4813 saluo

1570 998 1679 1055 1380—1,

1571 1061 1636 1108 Feb.
1654 1074 1676 1121 3.

1567 1151 1638 1213 Λὶψ.
1656 1152 1686 1197 Λ.

1567 1217 1681 1264 Neville.
