3950 5625
847 675 1078 743 camurani.
1475 672 1517 756 65

411 855 563 923 Preterea
588 857 679 934 dedi,
703 878 811 933 conc..
835 863 871 922 et
894 877 981 942 pres,
1007 864 1103 923 carta
1128 877 1204 921 mea
1228 856 1317 920 coni.
1344 854 1438 939 pred.
1463 853 1515 919 W.

408 965 439 1024 et
455 962 548 1045 pred.
569 962 753 1048 assignatis
769 983 808 1037 s.,
827 961 912 1027 illud
929 963 1059 1027 toftum
1076 961 1171 1046 quod
1188 961 1277 1025 iacet
1295 981 1337 1024 ex
1355 960 1516 1044 opposito

407 1065 525 1132 domus
538 1066 629 1132 Gilb.
645 1068 687 1132 de
702 1067 880 1132 Mortimer
892 1067 927 1131 in
943 1066 1124 1150 Bondgate
1138 1065 1268 1147 integre
1282 1085 1361 1128 cum
1376 1063 1513 1146 pertin,

406 1170 576 1237 reddendo
593 1173 672 1237 inde
689 1173 871 1238 annuatim
888 1171 1018 1236 fabrice
1035 1170 1126 1234 dicte
1143 1170 1222 1234 eccl.
1237 1169 1334 1253 xijd.,
1348 1175 1383 1232 et
1402 1168 1514 1233 Rob’o

406 1273 445 1338 de
470 1275 715 1360 Walirthwayt
742 1283 777 1339 et
804 1275 910 1340 Elene
929 1274 1027 1339 vxori
1050 1275 1123 1338 eius
1145 1280 1179 1338 et
1207 1274 1276 1338 her.
1306 1274 1360 1338 vel
1388 1273 1511 1358 assign.

405 1397 520 1444 eorum
536 1380 634 1464 xijd„
651 1380 721 1445 scil.
736 1379 959 1445 medietatem
977 1379 1022 1445 ad
1040 1379 1062 1443 f.
1083 1379 1115 1444 S.
1134 1379 1178 1444 M.
1197 1385 1231 1442 et
1248 1378 1337 1443 med.
1352 1377 1397 1443 ad
1414 1376 1511 1440 Pent.

404 1501 464 1565 pro
486 1484 647 1549 omnibus
669 1483 821 1548 seniiciis
843 1488 878 1547 et
901 1482 1090 1548 demandis.
1139 1483 1179 1546 In
1202 1483 1304 1547 huius
1326 1487 1443 1547 autem
1466 1479 1513 1544 rei

403 1588 507 1653 robur
526 1594 562 1653 et
582 1588 710 1653 testim.
734 1608 820 1672 pres.
843 1607 905 1652 scr.
928 1588 988 1671 sig.
1011 1607 1057 1652 m.
1081 1587 1236 1670 apposui.
1285 1587 1329 1651 H.
1352 1592 1377 1650 t.
1400 1584 1514 1649 Will'o

403 1691 444 1756 de
470 1691 638 1769 Masham,
668 1692 781 1758 Rob'o
810 1694 872 1775 (30)
903 1692 1056 1774 SurreyS,
1084 1691 1297 1776 Hugucione,
1325 1690 1512 1773 Jeronim0‚

404 1796 553 1872 Matheo,
582 1796 670 1862 Rob.
698 1796 744 1862 fil.
773 1796 928 1871 Garmai,
956 1796 1082 1879 Joh'ne
1108 1796 1150 1859 de
1177 1795 1341 1870 Lunder5‚
1370 1795 1443 1859 Ric.
1471 1794 1514 1858 de

404 1900 581 1986 Cardolye,
598 1900 801 1985 Capellam&
817 1901 931 1966 Will’o
946 1900 989 1964 de
1005 1899 1179 1983 Stodelay,
1197 1898 1311 1963 Gilb'o
1326 1899 1512 1972 Mortimer,

403 2004 475 2070 Ric.
500 2005 546 2070 fil.
571 2005 771 2090 Thorphini,
795 2005 913 2070 Hub’o
935 2004 1169 2088 CarpentariO,
1194 2004 1324 2068 Rob'to
1345 2004 1415 2068 filio
1438 2003 1511 2067 Ric.

402 2109 443 2174 de
460 2109 684 2194 Bischopton,
703 2109 788 2191 Rog.
806 2109 837 2173 le
852 2109 1010 2190 Saynter,
1027 2108 1141 2172 Will'o
1155 2108 1186 2171 le
1202 2108 1359 2189 Saynter,
1376 2115 1410 2172 et
1428 2108 1511 2174 aliis⁸

808 2255 874 2333 (91)
901 2248 956 2313 DE
981 2266 1119 2314 Eooeu.

491 2380 565 2444 Hec
584 2385 680 2445 carta
698 2379 918 2463 cirograffata
936 2384 1088 2444 testatur
1105 2378 1199 2462 quod
1218 2378 1327 2463 Mag’r
1344 2377 1450 2443 Galfr.
1471 2378 1514 2443 de

404 2485 505 2551 Lard'
528 2483 720 2549 Canonicus
739 2484 781 2548 de
802 2482 927 2567 Ripon'
950 2482 1027 2548 ded.
1049 2503 1143 2547 conc.
1166 2489 1200 2546 et
1221 2504 1253 2566 p.
1276 2504 1304 2547 c.
1326 2483 1415 2547 coni.
1439 2482 1512 2547 Ric.

403 2589 603 2674 Carpentar’
635 2595 669 2653 et
700 2588 838 2672 Xpiane
867 2589 965 2652 vxori
996 2609 1055 2651 sue
1085 2594 1120 2652 et
1150 2607 1217 2652 eor.
1249 2587 1430 2652 heredibus
1460 2587 1514 2651 vel

404 2695 540 2780 assign,
565 2693 659 2760 illam
682 2692 906 2758 medietatem
930 2692 1011 2757 toiti
1035 2693 1070 2756 in
1095 2691 1350 2783 Sutaynbrigate,
1374 2692 1409 2755 in
1434 2692 1516 2757 villa

404 2799 446 2865 de
473 2798 611 2883 Ripon’,
632 2820 711 2864 cum
737 2820 828 2863 omn.
850 2797 908 2862 lib.
937 2803 971 2862 et
998 2803 1084 2882 pert.
1114 2797 1158 2862 ad
1184 2796 1407 2862 medietatem
1433 2797 1515 2862 tosti

403 2904 540 2989 pertin,
568 2904 640 2967 sine
674 2903 743 2967 vllo
778 2903 1017 2977 retinemento
1046 2922 1113 2986 que
1149 2901 1214 2966 fuit
1249 2907 1384 2966 escaeta
1419 2902 1512 2985 pred.

403 3008 510 3074 Galir.
534 3008 576 3072 de
599 3007 700 3073 Lard'
721 3008 763 3072 de
785 3008 877 3072 tofto
898 3007 1004 3071 Alicie
1025 3006 1202 3091 quondam
1224 3006 1340 3070 vxoris
1363 3007 1453 3091 Hug.
1472 3006 1514 3069 de

405 3113 537 3178 Barton
555 3132 674 3177 versus
692 3118 859 3188 austrum,
880 3111 1037 3177 faciendo
1055 3111 1134 3174 inde
1153 3110 1334 3174 seruicium
1353 3110 1514 3175 Canonici

404 3223 576 3302 quantum
601 3217 751 3301 pertinet
776 3217 821 3282 ad
846 3217 939 3281 illam
964 3216 1187 3280 medietatem
1213 3215 1304 3290 totti,
1331 3214 1400 3279 scil.
1428 3213 1512 3297 xijd.
1574 3183 1689 3298 3012ssssss

405 3322 598 3397 annuatim,
618 3321 688 3386 scil.
709 3322 847 3386 mediet.
869 3321 914 3386 ad
934 3321 1032 3385 Pent.
1054 3327 1088 3384 et
1110 3319 1199 3384 med.
1218 3319 1263 3384 ad
1283 3319 1305 3383 f.
1325 3320 1356 3384 S.
1376 3319 1420 3386 M.
1468 3320 1514 3386 Et

405 3432 559 3513 preterea
580 3424 664 3509 xijd.
688 3426 732 3491 ad
753 3426 919 3491 fabricam
941 3426 1032 3490 eccl..
1056 3424 1122 3490 S'ci
1143 3423 1291 3489 Wilfridi
1312 3423 1354 3488 de
1376 3424 1515 3507 Ripon’,

405 3530 474 3595 scil.
501 3530 546 3596 ad
570 3529 663 3614 pred.
690 3535 788 3595 term.
814 3530 902 3595 med.
927 3530 971 3595 ad
993 3530 1091 3594 Pent.
1113 3535 1148 3593 et
1168 3528 1256 3593 med.
1279 3527 1324 3594 ad
1348 3529 1370 3593 f.
1398 3528 1430 3593 S.
1457 3529 1515 3604 M„

408 3654 469 3718 pro
494 3634 653 3699 omnibus
677 3634 827 3699 seruiciis
852 3641 886 3699 et
912 3634 1101 3699 demendis,
1149 3634 1196 3696 Et
1221 3639 1260 3697 vt
1285 3634 1347 3696 hec
1373 3632 1517 3697 donacio

407 3745 483 3804 rata
518 3745 552 3802 et
586 3739 720 3804 stabilis
754 3745 964 3822 permaneat,
996 3739 1028 3803 h.
1060 3759 1087 3802 c.
1119 3737 1153 3801 in
1184 3743 1262 3802 test.
1286 3736 1390 3822 sigili.
1416 3758 1517 3802 suum

407 3843 579 3927 apposuit.
628 3844 673 3907 H.
692 3850 717 3908 t.
736 3843 866 3929 Mag’ro
882 3843 967 3908 Tho.
986 3842 1028 3907 de
1047 3842 1202 3925 Kirkeby
1219 3841 1300 3906 Can.
1319 3841 1361 3905 de
1380 3840 1517 3925 Ripon',

406 3947 556 4013 Will'mo
582 3947 624 4012 de
650 3947 815 4023 Masham,
843 3948 1030 4030 Jeronim0‚
1057 3946 1193 4029 Joh’ne,
1222 3945 1351 4009 Rob’to
1377 3945 1515 4029 Surray,

407 4051 511 4136 Hug',
544 4051 745 4138 Capellam,
778 4052 881 4117 Petro
911 4052 953 4117 de
981 4051 1098 4135 Eyuill
1126 4057 1209 4115 tunc
1236 4049 1375 4124 balliu0,
1405 4050 1518 4113 Rob'o

407 4154 536 4221 Clerico
558 4176 631 4231 suo,
656 4156 792 4220 Simone
816 4157 966 4231 Castlok,
992 4155 1105 4219 Rob'o
1128 4154 1382 4237 Dispensatore,
1408 4153 1517 4237 Rog’o

408 4259 517 4335 fabro,
537 4260 650 4325 Will’o
669 4260 794 4336 Andre,
815 4261 948 4325 Thoma
967 4260 1009 4324 de
1029 4259 1130 4333 Leke,
1151 4265 1185 4322 et
1205 4258 1325 4322 multis
1344 4257 1428 4322 aliis,

806 4402 871 4486 (92)
899 4402 955 4465 DE
982 4416 1119 4465 ronan.

495 4492 596 4596 omn.
609 4531 641 4597 S.
654 4531 699 4596 M.
714 4532 753 4596 u.
768 4531 814 4596 fil.
829 4531 874 4596 aa
886 4550 973 4615 quos
987 4549 1038 4613 pr.
1052 4548 1115 4594 scr.
1128 4528 1332 4611 peruenerit.
1380 4526 1520 4591 numne

409 4633 606 4717 Capitulum
633 4635 680 4699 b’i
706 4635 855 4701 Wilfridi
882 4633 1021 4717 Ripon’,
1048 4632 1206 4698 salutem.
1255 4632 1306 4697 Sc.
1335 4650 1398 4694 nos
1424 4651 1519 4695 conc.

409 4743 444 4801 et
465 4757 497 4821 p.
520 4760 548 4805 c.
570 4740 659 4805 coni.
682 4739 797 4805 Will'o
817 4738 863 4803 fil.
889 4737 1026 4820 Xpiane
1043 4735 1085 4799 de
1102 4735 1227 4820 Ripon'
1250 4742 1284 4800 et
1305 4734 1375 4800 suis
1396 4734 1519 4820 assign.

591 4858 609 4922 5
