3950 5625
850 675 1081 743 Caurutnnr.
1479 695 1519 763 95

404 876 486 920 eum
518 876 609 920 omn.
642 862 729 940 pert.
755 877 780 921 3.
809 857 844 920 in
875 856 1090 941 longitudine
1120 863 1155 921 et
1186 857 1380 934 latitudine,
1413 857 1520 921 Alicie

403 959 513 1023 sorori
538 981 622 1035 mee,
649 966 718 1024 ten.
745 966 779 1024 et
804 961 883 1024 hab.
910 960 956 1024 illi
982 966 1016 1024 et
1041 961 1110 1024 her.
1136 982 1162 1024 s.
1189 962 1243 1024 vel
1267 962 1320 1025 cui
1347 962 1518 1045 assignare

404 1064 570 1139 voluerit,
583 1064 615 1128 li.
634 1065 703 1148 qui.
722 1071 756 1128 et
773 1064 923 1147 pacifice,
942 1064 1035 1128 redd.
1054 1065 1133 1128 inde
1149 1066 1330 1130 annuatim
1346 1065 1518 1130 Canonico

405 1167 513 1232 eiusd.
542 1168 714 1250 prebende
739 1189 807 1252 que
833 1168 899 1232 fuit
926 1170 1015 1232 bone
1041 1169 1203 1233 memorie
1230 1169 1348 1252 Mag’ri
1375 1169 1449 1233 Ade
1475 1170 1517 1233 de

406 1271 583 1355 Melsenby
608 1278 642 1336 et
668 1293 757 1337 succ.
784 1293 810 1336 s.
838 1278 906 1336 tres
931 1272 1008 1336 den.
1036 1293 1097 1355 pro
1123 1294 1213 1337 omn.
1241 1294 1327 1337 serv.
1355 1280 1388 1337 et
1414 1274 1516 1343 dem..

406 1375 496 1438 med.
521 1375 604 1440 dicti
627 1375 708 1440 tofti
731 1376 1021 1460 contingentibus,
1043 1376 1155 1474 videl}
1178 1377 1267 1441 med.
1293 1377 1337 1440 ad
1361 1378 1457 1443 Pent.
1481 1385 1516 1472 et

407 1478 496 1544 med.
518 1479 562 1544 ad
581 1481 603 1544 f.
625 1481 657 1544 S.
679 1481 723 1544 M.
744 1486 779 1544 et
797 1486 837 1544 vt
857 1480 889 1544 h.
910 1501 986 1544 mea
1005 1481 1150 1544 donacio
1169 1487 1246 1545 rata
1264 1487 1298 1544 et
1317 1482 1517 1546 inconcussa

407 1590 608 1666 permaneat
629 1584 663 1648 in
684 1604 791 1667 perp,
813 1605 862 1667 pr.
885 1604 947 1648 scr.
969 1584 1029 1667 sig.
1051 1605 1096 1648 m.
1119 1584 1327 1668 inpressione
1347 1587 1517 1650 roborani.

410 1686 453 1751 H.
475 1693 499 1751 t.
521 1688 651 1772 Mag’ro
670 1687 771 1770 Joh’e
791 1687 959 1763 Roman0,
980 1694 1035 1752 etc.

796 1842 884 1923 (152)
912 1841 967 1905 DE
993 1858 1131 1906 tonan.

495 1969 567 2034 The
595 1991 688 2035 same
716 1992 753 2035 as
781 1971 845 2035 No.
873 1985 945 2052 151,
968 1972 1033 2035 but
1057 1971 1110 2034 lor
1133 1972 1153 1996 “
1169 1993 1248 2036 curn
1272 1973 1391 2037 maiori
1416 1974 1519 2037 domo
1576 1974 1687 2037 Rypon.

408 2075 520 2148 mea‚”
546 2075 609 2139 No.
637 2091 699 2156 152
731 2076 792 2139 has
824 2074 939 2139 “curn
963 2075 1084 2140 minori
1110 2076 1214 2140 domo
1237 2077 1348 2152 mea,’'
1375 2077 1442 2141 and
1467 2078 1520 2141 lor

409 2179 429 2248 ‘‚‘
445 2179 551 2243 Alicie
571 2180 676 2243 sorori
696 2179 805 2253 mee‚'’
827 2180 847 2204 “
864 2179 1036 2243 Gunnilde
1055 2181 1179 2244 sororis
1201 2181 1271 2262 (sic)
1295 2183 1403 2245 mee.’'

622 2333 709 2414 (153)
737 2331 793 2395 DE
817 2349 955 2396 EODEM.
1007 2331 1155 2411 (Similar
1177 2336 1303 2414 grant).

495 2461 596 2526 Omn.
627 2461 686 2545 xpi
716 2461 772 2525 lid.
804 2481 853 2543 pr.
884 2467 1017 2525 cartam
1047 2462 1108 2525 vis.
1140 2462 1194 2525 vel
1224 2463 1302 2526 aud.
1334 2462 1442 2526 Will's
1471 2463 1515 2528 fil.
1530 2476 1553 2511 0·
1568 2464 1701 2523 1216-124

409 2564 528 2629 Rob'ti
559 2565 604 2629 fil.
630 2565 789 2648 Auuerey
816 2585 864 2628 sa.
894 2565 928 2628 in
961 2566 1063 2629 D’n0.
1111 2565 1199 2630 Nou.
1230 2587 1284 2630 me
1315 2566 1391 2630 ded.
1421 2588 1514 2632 conc.
1575 2557 1685 2619 RYP⁰¹¹·

409 2675 443 2733 et
463 2669 533 2753 qui.
555 2669 617 2734 cla.
640 2669 682 2733 de
702 2690 756 2733 me
777 2675 811 2733 et
832 2670 900 2733 her.
923 2690 969 2733 m.
992 2670 1026 2732 in
1048 2690 1141 2753 perp.
1163 2670 1247 2734 illud
1268 2691 1416 2755 mesuag.
1439 2691 1518 2736 cum

409 2779 494 2857 pert.
518 2773 553 2838 in
579 2773 692 2857 Ripon
719 2774 770 2853 (45
790 2774 833 2855 v.)
861 2779 952 2838 retro
978 2773 1112 2857 gardini
1134 2774 1229 2858 quod
1253 2775 1401 2840 Rob’tus
1423 2782 1522 2860 pater

409 2899 504 2942 meus
522 2878 645 2952 tenuit,
664 2878 733 2941 scil.
753 2878 795 2942 de
813 2878 987 2961 prebenda
1006 2878 1075 2942 d'ni
1096 2879 1215 2942 Rob’ti
1236 2880 1420 2945 Passelewe
1437 2888 1520 2945 tunc

409 2982 563 3046 canonici
585 2981 723 3065 Ripon',
743 2981 871 3046 Rob’to
888 2982 929 3045 de
947 2981 1097 3046 Nunwik
1114 2989 1148 3046 et
1170 2983 1351 3048 heredibus
1373 2985 1444 3048 eius
1465 2987 1519 3049 vel

410 3087 481 3151 eius
506 3087 642 3170 assign,
669 3086 753 3150 illud
778 3107 823 3150 sc.
851 3107 932 3150 mes.
956 3086 1072 3169 quod1
1099 3107 1161 3171 ego
1182 3088 1359 3170 quondam
1380 3089 1519 3153 vendidi

410 3196 544 3274 partem
565 3190 694 3254 Rob'to
714 3190 839 3273 Sureys
858 3196 892 3253 et
912 3196 1047 3273 partem
1068 3191 1180 3254 dimisi
1201 3191 1245 3255 ad
1265 3191 1410 3266 firmam,
1431 3194 1519 3257 sicut

411 3300 625 3377 protestatur
650 3300 745 3358 carta
772 3294 877 3357 eiusd.
908 3294 1027 3357 Rob’ti
1056 3294 1180 3377 Sureys
1207 3301 1241 3358 et
1269 3296 1303 3358 in
1330 3296 1518 3380 cirograflo.

411 3398 491 3463 Ten.
517 3404 551 3462 et
575 3399 654 3462 hab.
680 3398 790 3462 eidem
815 3398 943 3462 Rob'to
967 3398 1010 3461 de
1034 3398 1194 3481 Nunwyk
1218 3405 1252 3462 et
1277 3400 1345 3463 her.
1371 3401 1443 3464 eius
1466 3402 1521 3464 vel

411 3503 482 3566 eius
502 3502 683 3587 assignatis
703 3502 745 3566 de
764 3502 845 3566 d'no
867 3502 996 3566 Rob'to
1017 3503 1183 3566 Passelew
1202 3502 1373 3567 Canonico
1394 3505 1518 3588 Ripon'

411 3612 445 3670 et
463 3627 551 3671 succ.
572 3606 643 3670 eius
661 3606 693 3669 li.
714 3612 748 3669 et
766 3606 835 3689 qui.
885 3605 994 3669 Redd.
1015 3606 1094 3670 inde
1112 3608 1292 3671 annuatim
1310 3608 1420 3672 eidem
1438 3609 1519 3673 d’no

412 3709 453 3775 R.
480 3711 516 3775 P.
538 3710 620 3775 Can.
643 3710 720 3793 Rip.
743 3716 776 3774 et
800 3731 889 3774 succ.
911 3711 983 3773 eius
1007 3711 1129 3794 viginti
1154 3711 1242 3786 den,
1265 3712 1334 3776 scil.
1360 3713 1448 3777 med.
1475 3714 1519 3777 ad

329 3893 331 3900 Ι
412 3815 509 3879 Pent.
526 3820 560 3879 et
575 3814 663 3878 med.
680 3814 761 3878 adl.
779 3814 810 3878 S.
828 3815 872 3878 M.
889 3815 923 3877 in
938 3816 970 3878 h.
987 3835 1049 3897 pro
1064 3815 1223 3879 omnibus
1237 3816 1330 3898 pred.
1347 3819 1520 3901 mesuagio

412 3919 673 4001 pertinentibus.
712 3918 927 4001 (Warrontp).
964 3919 1011 3982 Vt
1028 3924 1146 3983 autem
1159 3920 1191 3983 h.
1204 3940 1281 3984 mea
1293 3940 1386 3985 conc.
1402 3924 1518 4005 etqui.

412 4022 575 4086 clamacio
597 4044 617 4087 a
637 4022 772 4086 nemine
793 4023 899 4105 possit
922 4022 1071 4107 infringi,
1093 4023 1158 4087 hoc
1178 4044 1227 4106 pr.
1251 4044 1312 4088 scr.
1335 4025 1432 4108 sigilli
1454 4026 1520 4089 mei

413 4126 630 4209 apposicione
652 4127 811 4190 roboraui
834 4147 896 4209 pro
918 4127 1071 4210 quadam
1093 4147 1228 4191 summa
1251 4128 1393 4211 pecunie
1414 4150 1520 4212 quam

413 4230 514 4294 michi
552 4230 657 4294 dedit.
705 4230 865 4293 Testibus
903 4230 1033 4313 Mag'ro
1071 4229 1203 4294 Gallrid
1241 4231 1283 4294 de
1321 4231 1449 4296 Larder
1486 4238 1519 4296 et

413 4334 541 4397 ceteris.

481 4472 568 4554 (154)
592 4473 647 4536 DE
669 4490 805 4537 EODEM.
857 4472 978 4554 (Grant
1001 4472 1036 4535 of
1056 4470 1137 4534 land
1158 4481 1194 4536 to
1215 4473 1273 4536 the
1293 4473 1452 4556 Chureh).

501 4590 642 4653 Printed
659 4591 693 4653 in
712 4590 753 4652 M
755 4611 814 4653 em.
834 4588 957 4671 Ripon,
978 4587 1005 4659 Ι,
1025 4604 1077 4666 99,
1096 4587 1183 4651 from
1202 4589 1430 4673 Dambrough
1449 4591 1517 4654 MS.

485 4769 492 4791 ¹
512 4766 548 4817 So
560 4766 589 4816 iu
602 4767 667 4823 MS„
683 4766 736 4813 but
751 4772 765 4789 ‘¹
774 4767 853 4813 cuius
862 4763 877 4782 ''
893 4761 985 4808 would
999 4760 1060 4821 give
1073 4774 1090 4808 a
1103 4762 1195 4812 better
1207 4778 1293 4813 sense.
