3950 5625
416 673 478 721 120
700 654 779 720 Tne
804 653 959 720 Iuoussr
984 653 1231 721 Munuscrupr.

409 835 596 917 apostolice
615 834 650 898 in
670 835 734 899 hac
753 840 851 917 parte
870 834 935 897 sibi
954 833 1085 899 factam
1104 840 1139 898 et
1158 834 1331 908 collatam,
1352 832 1398 896 ad
1417 852 1528 916 quam

409 958 469 1021 per
495 959 570 1003 ven.
599 939 633 1002 in
660 958 729 1022 xpo
755 944 890 1021 patrem
916 944 950 1002 et
977 937 1071 1003 dnm.
1099 939 1192 1003 dnm.
1221 937 1259 1002 T.
1286 937 1389 1002 Arch.
1418 937 1526 1000 Ebor.

408 1041 494 1126 Aug.
518 1063 568 1126 pr.
592 1048 627 1106 et
649 1063 703 1125 ap.
727 1063 753 1106 s.
778 1042 839 1126 leg.
863 1041 1024 1125 primitus
1046 1048 1080 1106 et
1106 1042 1229 1107 deinde
1255 1062 1315 1125 per
1340 1062 1403 1106 nos
1431 1041 1525 1105 idem

409 1147 485 1210 d'ns
506 1147 608 1231 Hugo
628 1167 688 1230 per
707 1168 768 1211 nos
788 1147 958 1210 admissus
977 1147 1096 1210 existit
1116 1147 1150 1210 in
1170 1166 1352 1230 personam
1373 1144 1463 1208 Ric’i
1484 1144 1528 1207 de

408 1251 573 1335 Apilton',
597 1251 828 1335 procuratoris
849 1251 902 1315 sui
924 1272 1027 1335 super
1048 1253 1112 1316 hoc
1134 1257 1345 1335 potestatem
1362 1248 1527 1314 habentis

408 1355 645 1430 sufficientem,
667 1362 769 1439 prout
790 1357 889 1420 nobis
908 1358 1093 1421 constabat
1113 1356 1274 1441 legitimis
1293 1354 1525 1428 documentis,

409 1455 523 1524 induci
542 1460 695 1535 lecimus
714 1481 793 1524 cum
810 1460 879 1524 suis
896 1460 1031 1544 juribus
1047 1467 1081 1524 et
1098 1460 1320 1544 pertinenciis
1341 1459 1524 1523 vniuersis.

409 1566 489 1629 Dat.
516 1564 551 1629 in
576 1565 679 1629 domo
703 1571 822 1629 nostra
846 1565 1028 1649 capitulari
1053 1565 1190 1629 ecclesie
1214 1570 1330 1628 nostre
1355 1563 1522 1647 predicte,

408 1669 570 1735 vicesimo
589 1670 712 1754 quinto
732 1670 786 1734 die
806 1669 888 1753 Julij
911 1670 958 1733 ΑΟ
977 1670 1058 1734 D'ni
1079 1670 1197 1734 Mill'io
1215 1680 1315 1733 cccmo
1332 1667 1480 1732 lxxxix0.

408 1841 448 1910 53
469 1851 499 1897 v.
549 1836 637 1917 (190)
672 1835 784 1898 Vuun
816 1851 1125 1899 enocunnromuu
1156 1851 1300 1898 racruu
1330 1851 1398 1896 ern
1430 1832 1523 1896 Cur-*¹

454 1937 596 2003 Rreou.

495 2080 663 2144 Nouerint
692 2081 842 2145 vniuersi
871 2082 966 2165 quod
995 2102 1057 2145 nos
1086 2081 1284 2164 Capitulum
1314 2080 1405 2144 Eccl.
1437 2079 1520 2143 Coll.

408 2185 544 2268 Rypon'
568 2185 670 2249 Ebor.
692 2185 791 2259 dioc,
814 2185 968 2259 iacimus
990 2186 1243 2260 constituimus,
1265 2191 1300 2248 et
1320 2184 1522 2249 ordinamus

407 2289 570 2353 dilectum
588 2289 686 2357 nobis
702 2289 737 2353 in
754 2310 823 2373 xpo
840 2289 935 2354 d’nm
952 2290 992 2354 A.
1012 2291 1088 2366 Dol,
1106 2290 1332 2354 camerarium
1348 2295 1519 2364 nostrum,

406 2399 441 2456 et
471 2393 674 2478 magistrum
705 2393 910 2457 Nicholaum
941 2394 982 2457 de
1014 2395 1251 2480 Esyngwalde,
1284 2393 1382 2459 Curie
1413 2393 1517 2458 Ebor.

406 2504 674 2582 procuratorem,
714 2504 849 2563 nostros
887 2507 1135 2582 procuratores
1176 2505 1318 2574 actores
1359 2499 1517 2573 factores,

405 2603 623 2687 negociorum
645 2609 806 2687 gestoreS,
831 2610 866 2666 et
888 2604 1031 2667 nuncios
1053 2603 1226 2686 speciales
1249 2603 1462 2676 coniunctim
1485 2608 1519 2666 et

405 2727 523 2772 eorum
545 2707 734 2791 quemlibet
757 2728 817 2791 per
838 2728 873 2771 se
896 2708 1033 2772 diuisim
1056 2715 1090 2771 et
1113 2709 1148 2772 in
1170 2708 1328 2783 solidum,
1352 2709 1402 2772 ita
1424 2707 1519 2792 quod

405 2832 474 2876 non
497 2811 541 2876 sit
564 2812 683 2877 melior
705 2812 860 2877 condicio
882 2814 1074 2897 ocupantis
1098 2820 1150 2877 set
1172 2812 1267 2897 quod
1289 2833 1379 2878 vnus
1401 2833 1518 2877 eorum

405 2916 569 3000 inceperit
605 2917 692 2981 alter
727 2938 845 2982 eorum
881 2918 1031 2982 mediare
1067 2918 1182 2982 valeat
1218 2925 1252 2981 et
1289 2918 1395 2993 linire,
1433 2917 1519 2981 citra

406 3024 664 3090 reuocacionem
687 3024 832 3089 aliorum
858 3029 1120 3109 procuratorum
1145 3028 1352 3095 nostrorum,
1382 3022 1416 3085 in
1444 3021 1518 3105 qui-

407 3132 620 3213 buscumque
652 3130 763 3194 causis
796 3130 1007 3194 decimarum
1041 3148 1082 3190 ex
1116 3133 1214 3211 parte
1246 3134 1366 3192 nostra
1398 3132 1519 3190 contra

406 3254 642 3319 quoscumque
679 3234 892 3299 aduersarios
927 3240 1063 3298 nostros
1098 3232 1202 3295 motis
1237 3232 1291 3295 vel
1327 3230 1516 3305 mouendis,

407 3340 530 3404 dantes
549 3345 583 3402 et
603 3338 829 3402 concedentes
849 3339 976 3402 eisdem
996 3337 1277 3422 procuratoribus
1295 3336 1517 3410 coniunctim,

407 3450 442 3507 et
476 3443 574 3507 alteri
606 3463 724 3506 eorum
757 3443 791 3506 in
824 3443 982 3518 solidum,
1017 3447 1227 3524 potestatem
1259 3441 1452 3526 generalem
1484 3445 1519 3503 et

408 3547 614 3612 mandatum
651 3547 806 3631 generale
844 3553 878 3610 et
916 3547 1062 3630 speciale
1099 3546 1134 3609 in
1172 3546 1344 3629 premissis
1381 3545 1518 3610 nomine

407 3659 526 3717 nostro
552 3652 674 3736 agendi
701 3651 906 3716 defendendi
933 3651 1192 3736 proinueniendi
1219 3651 1451 3716 iuramentum
1477 3650 1519 3713 de

408 3756 605 3839 calumpnia
635 3761 669 3819 et
699 3756 741 3820 de
771 3756 918 3819 veritate
948 3756 1103 3830 dicenda,
1136 3777 1175 3819 ac
1204 3755 1384 3840 quodlibet
1413 3774 1519 3839 genus

409 3861 492 3926 liciti
527 3861 733 3925 sacramenti
769 3861 803 3925 in
839 3860 972 3925 animas
1008 3867 1143 3925 nostras
1178 3860 1365 3943 prestandi,
1402 3866 1517 3933 testes,

409 3967 535 4040 literas
576 3972 610 4030 et
649 3966 890 4041 instrumenta,
932 3972 966 4029 et
1006 3966 1073 4029 alia
1111 3965 1358 4048 probacionum
1396 3984 1520 4049 genera

409 4069 620 4156 producendi
654 4075 689 4134 et
723 4070 918 4145 exhibendi,
954 4091 994 4134 ac
1028 4069 1197 4152 producta
1231 4078 1265 4131 et
1299 4068 1520 4151 producenda

409 4174 633 4259 inpugnandi,
659 4174 802 4238 crimina
826 4180 860 4237 et
885 4174 1040 4238 delectus
1064 4174 1243 4248 obiciendi,
1270 4180 1304 4237 et
1328 4173 1518 4263 obicienda,

409 4278 657 4363 respondenda,
677 4278 898 4362 producenda
915 4285 949 4342 et
968 4277 1184 4361 appellanda,
1204 4278 1468 4360 prouocaciones
1486 4282 1519 4340 et

410 4382 660 4468 appellaciones
684 4382 885 4448 notificandi
910 4388 944 4446 et
969 4381 1164 4456 intimandi,
1190 4401 1376 4465 eorumque
1400 4402 1521 4446 causas

410 4486 648 4573 prosequendi,
676 4487 864 4568 apostolos¹
888 4486 1028 4571 petendi
1054 4490 1088 4548 et
1114 4485 1308 4568 recipiendi,
1336 4486 1441 4550 alium
1467 4484 1521 4549 vel

410 4592 494 4658 alios
535 4595 792 4675 procuratorem
834 4591 889 4655 vel
931 4596 1169 4675 procuratores
1210 4589 1285 4653 loco
1327 4610 1444 4654 eorum
1486 4591 1520 4653 in

483 4748 490 4771 ¹
511 4742 620 4791 Letters
633 4741 789 4806 dimissory,
803 4758 842 4801 or,
857 4744 953 4793 letters
965 4743 995 4791 ol
1008 4742 1115 4807 appeal.
