3950 5625
461 735 502 802 92
753 719 832 784 Tne
857 721 1013 786 Inonar
1037 721 1285 786 Mnnosomrr.

848 899 936 981 (143)
964 899 1021 963 DE
1045 916 1183 964 nonnis.

272 1038 371 1088 Before
389 1053 417 1101 ¹3
546 1041 647 1104 Omn.
672 1040 763 1104 hom.
788 1061 837 1124 pr.
862 1061 924 1105 scr.
951 1041 1014 1106 vis.
1033 1042 1088 1105 vel
1115 1041 1207 1117 aud..
1228 1041 1336 1105 Will's
1369 1041 1415 1106 fil.
1441 1043 1575 1107 Thome

283 1120 339 1169 uy,
358 1117 431 1165 ¹²⁷²'
459 1142 501 1207 de
523 1142 672 1218 Aldfeld,
694 1164 743 1208 sa.
767 1143 801 1208 in
825 1144 925 1209 D’no.
973 1145 1062 1210 Nou.
1086 1166 1141 1209 me
1163 1146 1379 1210 renunciasse
1402 1146 1574 1210 relaxasse

458 1252 493 1310 et
510 1246 684 1311 abiurasse
700 1253 734 1311 et
751 1247 794 1312 de
814 1269 869 1312 me
885 1254 919 1312 et
936 1250 1006 1313 her.
1028 1270 1073 1313 m.
1091 1249 1161 1333 qui.
1182 1249 1244 1313 cla.
1263 1249 1298 1313 in
1314 1270 1408 1333 perp.
1427 1255 1462 1313 et
1483 1270 1571 1332 pres.

457 1370 520 1414 scr.
539 1371 584 1414 m.
604 1351 693 1414 coni.
713 1351 794 1415 d’no
812 1351 962 1416 Will’mo
980 1353 1010 1416 le
1028 1354 1169 1417 Vawsor
1185 1373 1248 1437 pro
1264 1352 1417 1437 quadam
1435 1374 1574 1419 summa

457 1454 600 1538 pecunie
622 1475 728 1538 quam
751 1456 854 1519 michi
878 1455 973 1520 dedit
997 1477 1056 1541 pre
1079 1456 1239 1521 manibus
1262 1457 1296 1521 in
1319 1477 1396 1521 meo
1418 1457 1571 1542 negocio,

458 1564 573 1621 totum
603 1558 667 1640 Jus
694 1564 728 1622 et
751 1558 913 1623 clamium
937 1560 1032 1644 quod
1055 1581 1210 1645 vnquam
1232 1560 1338 1624 habui
1368 1561 1423 1624 vel
1453 1560 1571 1645 aliquo

458 1667 612 1744 tempore
629 1662 754 1726 habere
772 1663 870 1746 potui
887 1663 922 1728 in
940 1669 1017 1728 toto
1035 1670 1235 1728 tenemento
1251 1664 1286 1728 in
1304 1663 1335 1727 N
1338 1665 1519 1728 orthouses
1536 1664 1572 1728 in

457 1765 558 1829 feodo
582 1765 625 1830 de
650 1766 787 1830 Aldield
812 1767 906 1851 quod
931 1767 1160 1832 disracionaui
1184 1767 1227 1832 de
1252 1767 1365 1832 Will'o
1389 1768 1510 1851 Wryd,
1537 1774 1572 1832 et

457 1868 492 1932 in
528 1875 604 1933 toto
641 1875 839 1934 tenemento
875 1871 969 1954 quod
1004 1872 1109 1936 Henr.
1145 1872 1188 1935 de
1221 1871 1358 1936 Aldfeld
1391 1871 1572 1956 quondam

456 1972 614 2037 vendidit
632 1973 714 2038 d'no
733 1974 835 2038 Petro
854 1975 1039 2058 Capellano
1058 1976 1152 2059 apud
1171 1975 1202 2039 N
1205 1981 1269 2040 ort.

456 2139 545 2203 Nota
579 2139 664 2223 quod
700 2139 751 2204 hic
787 2140 927 2222 defectus
962 2141 1123 2225 reperitur
1156 2141 1195 2205 in
1229 2141 1377 2206 custodia
1412 2142 1571 2226 Registri,

588 2264 667 2308 nam
689 2244 827 2328 quedam
850 2245 933 2327 (olio
957 2246 1201 2322 abstrahuntur,
1227 2259 1266 2344 v}
1292 2245 1351 2329 ij

547 2410 634 2491 (144)
660 2409 891 2474 Conorosron
916 2422 961 2474 or
985 2427 1008 2473 A
1031 2426 1153 2473 nnnnr
1175 2427 1221 2474 or
1244 2426 1267 2472 A
1290 2427 1341 2474 NA
1350 2428 1477 2477 rivos.

280 2566 321 2613 De
335 2567 414 2615 terris
456 2562 505 2626 44.
553 2557 587 2614 et
620 2551 799 2614 Canonicis
827 2551 869 2614 de
904 2551 1019 2634 Ripon
1058 2551 1186 2615 ibidem
1221 2551 1295 2614 Deo
1329 2551 1570 2627 seruientibus,

287 2632 398 2749 {m}
457 2674 563 2717 vnam
583 2655 750 2718 bouatam
772 2661 859 2718 terre
880 2676 959 2719 cum
980 2655 1132 2739 quodam
1154 2655 1245 2719 tofto
1266 2661 1301 2718 et
1321 2654 1432 2718 croito
1453 2676 1570 2720 acram

456 2764 562 2822 vna'm
586 2758 853 2835 continentibus,
879 2758 921 2824 de
945 2759 1052 2824 libero
1076 2758 1177 2824 feodo
1201 2779 1288 2835 meo
1313 2758 1407 2823 illam
1431 2779 1476 2823 sc.
1501 2781 1570 2844 que

456 2862 521 2925 fuit
552 2883 622 2926 vna
651 2862 694 2927 de
725 2862 860 2928 duabus
890 2864 1028 2928 bouatis
1055 2884 1143 2948 quas
1172 2863 1309 2928 Ricard’
1338 2864 1442 2927 homo
1473 2884 1570 2928 meus

455 2965 568 3029 tenuit
589 2965 632 3030 de
655 2986 721 3039 me,
746 2972 780 3030 et
805 2967 952 3032 eundem
973 2967 1046 3031 Ric.
1064 2988 1144 3031 cum
1168 2967 1261 3032 omni
1285 2973 1380 3031 secta
1402 2988 1466 3032 sua
1489 2989 1569 3032 cum

455 3090 546 3134 omn.
586 3069 806 3136 libertatibus
844 3072 888 3135 ad
927 3072 1021 3156 pred.
1062 3077 1190 3135 terram
1228 3071 1493 3155 pertinentibus,
1533 3072 1568 3137 in

455 3193 578 3257 puram
604 3180 638 3238 et
663 3194 757 3259 perp.
785 3175 824 3238 el.
852 3195 914 3259 pro
939 3197 986 3239 sa.
1015 3196 1069 3239 an.
1097 3196 1142 3239 m.
1170 3180 1204 3239 et
1230 3181 1434 3239 antecessor.
1461 3196 1567 3241 meor.

456 3283 490 3341 et
513 3298 576 3360 pro
599 3278 816 3343 fraternitate
840 3280 952 3343 eccl'ie
976 3280 1023 3343 b’i
1046 3279 1193 3343 Wiliridi
1217 3278 1262 3343 ad
1284 3300 1371 3363 opus
1393 3300 1510 3343 meum
1534 3286 1569 3344 et

456 3382 572 3445 vxoris
594 3402 678 3447 mee.
727 3383 770 3447 H.
796 3389 820 3447 t.
844 3384 1003 3459 Osberto,
1028 3382 1128 3459 Rad',
1153 3382 1283 3446 Rob'to
1305 3382 1508 3467 Capellanis,
1534 3390 1569 3448 et

456 3485 586 3550 ceteris

718 3617 806 3699 (145)
834 3616 890 3680 DE
914 3634 1053 3681 EODEM.
1104 3616 1252 3699 (Similar
1269 3618 1396 3701 grant).

544 3758 645 3821 Omn.
663 3757 695 3822 S.
714 3757 758 3822 M.
776 3758 815 3823 E.
833 3758 910 3821 filiis
925 3764 997 3823 tam
1017 3778 1067 3841 pr.
1081 3778 1188 3841 quam
1204 3758 1268 3822 fut.
1286 3757 1436 3841 (Will's)2
1452 3758 1569 3834 Ward,

455 3859 614 3926 salutem.
662 3861 750 3926 Nou.
769 3864 863 3928 vniu.
882 3869 999 3927 vestra
1016 3883 1071 3927 me
1087 3882 1150 3946 pro
1166 3882 1214 3926 sa.
1234 3882 1288 3926 an.
1307 3882 1353 3927 m.
1372 3869 1407 3926 et
1424 3862 1568 3928 animar.

456 3970 566 4029 antec.
585 3986 688 4030 meor.
707 3967 772 4031 hac
791 3973 887 4032 carta
903 3987 980 4031 mea
996 3966 1066 4051 qui.
1080 3966 1143 4029 cla.
1158 3966 1232 4029 Deo
1248 3971 1283 4029 et
1295 3966 1399 4031 beato
1411 3965 1570 4031 Wilfrido
1653 4014 1662 4021 -

455 4075 490 4133 et
512 4069 691 4135 Canonicis
713 4070 756 4135 de
779 4071 916 4154 Ripon’,
935 4071 1009 4135 Ric.
1027 4070 1072 4134 fil.
1096 4070 1234 4135 Osberti
1256 4070 1431 4134 hominem
1452 4091 1568 4135 meum

455 4193 534 4237 cum
558 4174 652 4237 omni
675 4179 769 4238 secta
793 4195 855 4239 sua
878 4181 913 4239 et
936 4174 1071 4239 catallis
1094 4195 1119 4237 s.
1145 4174 1180 4238 in
1204 4193 1298 4256 perp.
1324 4174 1366 4237 de
1389 4194 1444 4237 me
1467 4180 1501 4238 et
1526 4173 1570 4238 de

456 4277 525 4341 her.
562 4276 656 4340 meis.
705 4278 828 4342 Sciatis
862 4279 970 4343 eciam
1006 4298 1060 4341 me
1096 4278 1223 4341 iurasse
1258 4298 1373 4341 coram
1409 4276 1570 4360 Capitulo

456 4400 559 4463 super
585 4387 803 4446 sacrosancta
828 4382 1012 4467 ewangelio
1039 4401 1093 4445 me
1121 4380 1268 4445 fideliter
1291 4382 1379 4445 hanc
1402 4381 1472 4465 qui.
1502 4380 1566 4445 cla.

456 4488 645 4548 tenturum.
695 4485 738 4549 H.
760 4491 785 4549 t.
806 4485 894 4560 Rad.
915 4486 960 4549 fil.
981 4484 1090 4548 Aldel.
1112 4490 1146 4548 et
1165 4485 1295 4549 ceteris.

492 4601 621 4685 Tin—a
634 4603 752 4687 hand-oi
765 4640 813 4687 the
826 4638 954 4687 fifteenth
968 4641 1095 4699 century.
1143 4636 1209 4685 This
1223 4638 1273 4685 has
1292 4637 1361 4685 been
1381 4637 1453 4685 done
1473 4634 1567 4685 betore

455 4702 543 4752 either
556 4703 585 4751 of
597 4702 645 4751 the
658 4710 771 4767 present
785 4706 963 4766 numberings
976 4704 1006 4753 oi
1025 4703 1073 4751 the
1086 4717 1170 4766 pages
1183 4704 1239 4752 and
1253 4703 1353 4752 leaves.

527 4798 538 4821 ²
558 4796 692 4846 Inserted.
