3950 5625
818 630 1092 697 clarorum.

743 712 1169 784 Affifflkssfflfflos:
1461 730 1503 793 59

391 892 505 956 iacens
531 891 623 956 inter
648 892 778 956 toftum
806 889 924 955 Rob'ti
953 890 1070 955 Mome
1098 898 1132 956 et
1160 891 1289 956 toltum
1316 892 1410 977 quod
1437 891 1503 955 fuit

391 995 532 1060 Will’mi
552 996 697 1070 Russell,
717 994 908 1060 Reddendo
927 995 1005 1059 inde
1024 997 1205 1061 annuatim
1224 997 1353 1081 Mag‘ro
1371 994 1504 1060 Gallrid

392 1100 434 1164 de
455 1099 585 1164 Larder
605 1105 640 1164 et
660 1120 750 1164 succ.
773 1119 799 1164 s.
822 1099 1002 1164 Canonicis
1023 1101 1141 1165 decem
1162 1101 1329 1176 denarios
1352 1101 1504 1186 quinque

393 1204 437 1269 ad
460 1204 559 1268 Pent.
584 1210 619 1268 et
643 1204 795 1288 quinque
820 1204 864 1268 ad
887 1203 910 1267 l.
937 1203 968 1268 S.
988 1204 1033 1268 M.
1081 1206 1127 1269 Et
1151 1205 1198 1270 ibi
1222 1207 1256 1269 in
1280 1205 1504 1290 Staynbrigat

392 1309 476 1374 illud
490 1309 621 1373 toltum
636 1329 715 1373 cum
729 1315 815 1393 pert.
832 1308 926 1392 quod
940 1308 1007 1373 luit
1021 1309 1125 1373 Will’i
1141 1309 1272 1384 Russel,
1288 1311 1402 1374 iacens
1415 1309 1505 1374 inter

393 1415 523 1480 toftum
552 1415 647 1500 pred.
680 1414 795 1480 Nades
824 1422 859 1479 et
894 1413 998 1478 Will'i
1034 1414 1172 1489 Piknot,
1204 1414 1394 1479 Reddendo
1423 1415 1504 1479 d’no

394 1520 467 1584 Ric.
488 1520 530 1584 de
550 1520 682 1584 Yarum
701 1525 736 1583 et
754 1540 844 1585 succ.
864 1540 890 1583 s.
911 1517 1090 1583 Canonicis
1109 1518 1187 1582 inde
1207 1519 1387 1582 annuatim
1406 1519 1503 1603 iiijd„

392 1624 415 1708 ij
434 1622 478 1689 ad
493 1623 516 1688 i.
532 1623 564 1688 S.
580 1623 624 1688 M.
640 1629 675 1688 et
688 1623 710 1707 ij
727 1623 772 1688 ad
786 1623 884 1687 Pent.
932 1623 1006 1706 Ego
1021 1623 1129 1686 eciam
1143 1621 1252 1686 Will's
1266 1623 1344 1687 dedi
1359 1630 1393 1688 et
1409 1645 1502 1688 conc.

393 1734 428 1792 et
447 1749 480 1812 p.
502 1749 529 1792 c.
551 1727 641 1792 conf.
662 1726 856 1811 sepedicto
875 1727 1015 1811 Hugoni
1034 1733 1068 1790 et
1088 1747 1176 1791 succ.
1198 1748 1223 1790 s.
1245 1727 1503 1810 prenominatis,

392 1833 478 1897 illud
504 1833 635 1897 toltum
662 1838 753 1895 retro
779 1851 875 1914 sepes
901 1832 996 1915 quod
1022 1832 1131 1895 Alicia
1157 1832 1199 1896 de
1226 1831 1383 1917 Gringele
1409 1833 1505 1897 dedit

394 1937 476 2001 d'no
489 1957 566 2000 meo
581 1936 711 2022 Mag'ro
728 1935 816 1999 Gall.
833 1936 875 2000 de
892 1935 1006 2011 Lard’,
1022 1935 1212 2000 Reddendo
1229 1937 1307 2001 inde
1324 1938 1504 2001 annuatim

393 2041 488 2106 dicto
508 2042 640 2126 mag'ro
661 2040 794 2105 Galfrid
815 2046 850 2104 et
871 2060 959 2104 succ.
983 2060 1009 2104 s,
1032 2040 1221 2114 CanoniciS,
1244 2061 1303 2103 sex
1324 2040 1413 2115 den,
1436 2047 1506 2105 tres

394 2145 440 2210 ad
464 2146 487 2210 f.
514 2145 546 2209 S.
571 2144 615 2209 M.
641 2150 676 2208 et
701 2150 770 2208 tres
795 2143 839 2208 ad
864 2145 961 2208 Pent.
1009 2143 1135 2208 Omnia
1158 2165 1239 2208 vero
1262 2144 1418 2229 predicta
1443 2165 1505 2230 ego

394 2250 504 2315 Will’s
523 2249 613 2324 dedi,
634 2268 741 2324 conc,
762 2254 797 2314 et
816 2249 849 2312 h.
871 2270 903 2332 p.
925 2270 953 2312 c.
975 2248 1064 2312 conf.
1086 2248 1179 2331 pred.
1202 2249 1340 2334 Hugoni
1360 2257 1394 2313 et
1414 2271 1504 2317 succ.

394 2376 419 2419 s.
441 2354 531 2418 sicut
550 2354 778 2438 prescriptum
797 2359 860 2428 est,
881 2352 1072 2417 Reddendo
1091 2360 1207 2417 tamen
1227 2354 1305 2418 inde
1325 2357 1505 2421 annuatim

393 2459 525 2524 clericis
553 2458 646 2522 chori
675 2458 718 2522 de
747 2457 872 2542 Ripon'
902 2457 955 2540 ijs.
987 2457 1212 2523 distribuend.
1243 2459 1278 2523 in
1307 2459 1360 2524 die
1390 2462 1505 2526 obitus

393 2562 501 2628 Galfr.
520 2564 562 2628 de
581 2562 682 2627 Lar'd'
701 2563 771 2626 d'ni
793 2562 859 2626 mei
880 2563 944 2627 hoc
968 2561 1083 2637 mod0,
1102 2562 1285 2646 Capellano
1301 2564 1361 2648 qui
1378 2565 1435 2629 illo
1451 2566 1505 2630 die

393 2667 582 2732 celebrabit
610 2667 750 2731 missam
780 2666 824 2730 ad
853 2667 994 2730 missam
1022 2667 1176 2751 capituli,
1206 2667 1279 2751 ijo,
1309 2674 1344 2732 et
1372 2669 1506 2754 singula

393 2771 540 2837 aliorum
563 2771 769 2836 vicariorum
793 2771 854 2855 jd„
879 2776 914 2835 et
937 2773 1059 2859 singul.
1086 2771 1269 2838 diaconum
1293 2779 1327 2837 et
1350 2774 1503 2841 subdiac.

392 2876 454 2960 jd„
475 2882 510 2940 et
528 2876 664 2941 duobus
682 2877 890 2941 ceroferariis
908 2878 968 2962 jd„
990 2877 1210 2942 turribulario
1227 2878 1288 2962 jd„
1308 2884 1342 2942 et
1360 2880 1505 2964 margal-

393 2982 467 3046 ario
479 2980 528 3065 jd.
577 2981 617 3045 In
632 2980 733 3044 huius
747 2987 864 3046 autem
878 2984 924 3045 rei
938 2984 1043 3047 robur
1056 2988 1091 3046 et
1105 2983 1259 3047 omnium
1273 2984 1505 3068 cognicionem

393 3085 541 3172 sigillum
566 3105 682 3149 meum
713 3106 782 3150 una
808 3107 887 3150 cum
918 3087 1027 3170 sigillo
1058 3087 1200 3171 capituli
1231 3089 1380 3171 presenti
1411 3096 1505 3153 carte

393 3190 458 3254 leci
486 3210 667 3274 apponere.
701 3190 776 3274 (27).
828 3192 904 3254 Hiis
929 3193 1087 3268 testibus,
1115 3192 1280 3278 magistro
1305 3193 1438 3258 Thoma
1463 3194 1505 3259 de

396 3294 563 3377 Kirkeby,
585 3295 666 3359 d'no
688 3294 821 3379 Rogero
841 3295 883 3359 de
903 3297 1007 3380 Leya,
1029 3297 1218 3372 Canonicis,
1239 3297 1321 3362 d'no
1341 3299 1443 3362 Petro
1463 3299 1505 3363 de

394 3399 544 3473 Dauilla,
572 3405 655 3463 tunc
681 3399 819 3474 balliuo,
847 3399 959 3464 Adam
985 3401 1101 3476 Ward‚
1130 3402 1254 3483 Joh’ne
1280 3402 1408 3467 Clerico
1434 3403 1505 3467 d’ni

396 3504 481 3590 Rog.
508 3504 550 3568 de
575 3504 679 3587 Leya,
706 3503 818 3568 Rob'o
842 3505 884 3569 de
909 3506 1107 3590 Biscopt0n‚
1133 3506 1264 3582 cleric0,
1289 3506 1439 3572 Will'mo
1464 3508 1505 3573 de

396 3608 571 3693 Stodelay,
596 3608 732 3673 Simone
754 3609 905 3684 Castlok,
930 3610 1042 3675 Rob'o
1064 3612 1106 3675 de
1128 3610 1287 3687 Nunwik,
1313 3613 1441 3677 Rob'to
1463 3614 1505 3678 de

401 3712 556 3797 Spenser,
576 3720 611 3778 et
629 3714 748 3778 multis
767 3714 850 3779 aliis.

414 3906 478 3991 (79)
504 3907 755 3973 Communem
778 3908 855 3971 o‘iu
877 3909 1158 3974 Ancmsprscopr
1184 3928 1344 3975 siusium
1368 3930 1493 3978 cunm.

483 4072 585 4137 Omn.
601 4074 659 4156 xpi
674 4073 731 4137 fid.
748 4074 793 4138 ad
807 4095 839 4157 q.
855 4095 942 4158 pres,
958 4096 1020 4140 scr.
1037 4077 1241 4159 peruenerit,
1256 4077 1428 4142 Walterus
1443 4079 1506 4142 Dei
1555 4083 1657 4185 F¹12›34'

397 4196 466 4258 gra.
492 4177 596 4240 Ebor.
622 4177 779 4261 Archiep.
806 4184 840 4241 et
865 4177 985 4263 Anglie
1009 4181 1147 4264 primas
1173 4181 1319 4245 salutem
1344 4182 1378 4245 in
1403 4183 1504 4249 D'n0.
1579 4150 1700 4266 e.24..

401 4278 566 4363 Inspectis
583 4282 686 4345 cartis
706 4282 794 4364 (etc,
809 4303 847 4345 as
863 4282 900 4345 in
918 4282 1035 4367 θνα,νέ
1048 4286 1203 4368 Register,
1219 4291 1251 4368 p.
1266 4304 1340 4368 243,
1360 4286 1414 4350 but
1430 4287 1504 4370 Ing.
1520 4257 1721 4372 alffifsanffi

399 4382 476 4448 MS.
496 4385 590 4448 reads
608 4385 815 4470 Winkesley,
836 4387 926 4471 Hug.
947 4387 990 4451 de
1011 4387 1152 4463 Barton,
1172 4388 1336 4464 Geremie,
1357 4390 1505 4466 Marior’,
1522 4390 1638 4439 Andree.

401 4487 560 4564 Bethlim,
597 4488 752 4566 Gamelli,
789 4489 1000 4573 Winkesley,
1037 4492 1096 4574 qui
1133 4493 1167 4557 in
1204 4493 1344 4558 ecclesia
1380 4495 1505 4579 Ripon’

400 4592 538 4657 missam
563 4594 688 4658 cotidie
714 4596 861 4660 celebret
888 4614 949 4677 pro
975 4592 1147 4660 defunctis
1175 4649 1180 4661 .
1211 4648 1216 4660 .
1247 4648 1252 4659 .
1281 4604 1314 4661 et
1341 4600 1508 4683 presentis

400 4696 497 4781 sigilli
510 4699 730 4764 roboramus.
753 4752 758 4763 .
781 4752 786 4763 .
806 4699 876 4762 vllo
889 4715 1087 4777 nuncquam
1101 4706 1254 4784 tempore
1274 4751 1279 4764 .
1301 4753 1307 4765 .
1329 4753 1335 4765 .
1355 4701 1456 4786 Quod
1468 4709 1507 4766 vt

401 4807 514 4866 ratum
539 4810 573 4867 et
598 4804 721 4867 stabile
746 4804 970 4888 perseuerunt
998 4796 1068 4881 (sic)
1098 4804 1132 4868 in
1157 4809 1344 4890 posterum,
1371 4825 1508 4891 presens
