3950 5625
729 704 823 771 Acrs
846 721 892 770 or
916 705 1095 772 Cunnrrn.
1450 719 1513 785 250

400 886 437 944 et
470 881 677 964 priuacionis
710 884 754 947 ab
788 884 918 948 eadem.
967 885 1096 948 Panem
1129 905 1277 970 quoque,
1312 885 1442 958 vinum,
1477 889 1512 949 ot
1526 881 1569 995 ,ΗΡ
1587 882 1608 930 ⁵⁸
1625 886 1654 931 ‘⁰
1671 882 1713 980 ll}

399 984 528 1060 lumen,
550 1007 590 1050 ac
617 987 683 1050 alia
710 987 934 1052 celebracioni
958 989 1154 1053 diuinorum
1179 989 1366 1054 necessaria
1388 988 1512 1054 futuris
1537 949 1708 1072 'nli-'liff'n‘

399 1091 614 1174 temporibus
638 1092 837 1156 successiuis
861 1093 1059 1177 sumptibus
1082 1094 1151 1157 suis
1176 1093 1322 1177 proprijs
1349 1092 1509 1159 inueniet.

400 1193 561 1269 Preterea
584 1196 744 1262 volumus
766 1202 801 1260 et
823 1195 1023 1262 ordinamus
1044 1197 1138 1283 quod
1160 1218 1264 1281 supra
1286 1196 1511 1271 vestimentis,

398 1297 505 1374 libris,
524 1298 698 1375 calicibus
719 1301 941 1376 ornamentis,
961 1307 996 1364 et
1015 1300 1092 1385 alijs
1109 1301 1274 1365 iocalibus
1292 1301 1511 1386 quibuscum·

398 1420 468 1485 que
487 1402 578 1467 dicte
598 1403 757 1468 Cantarie
777 1424 838 1488 per
857 1425 919 1469 nos
939 1411 1001 1469 aut
1021 1404 1105 1469 alios
1124 1424 1359 1490 quoscumque
1378 1403 1511 1469 collatis
1524 1390 1713 1508 ffffffllssfflr'g

398 1525 460 1570 seu
477 1507 670 1592 assignatis,
689 1509 830 1592 plenum
848 1515 883 1572 et
901 1508 1000 1573 fidele
1017 1510 1079 1573 fiat
1099 1509 1335 1575 lnuentarium
1355 1508 1510 1574 indenta·
1524 1524 1552 1573 or
1572 1524 1618 1575 nn
1638 1511 1712 1585 goul

398 1616 477 1674 tum
498 1611 797 1696 quatripartitum,
821 1613 918 1677 cuius
941 1634 1011 1678 vna
1034 1633 1113 1697 pars
1137 1634 1240 1698 penes
1263 1634 1334 1689 noa,
1360 1612 1509 1688 heredes,
1555 1590 1687 1719 sssfussllg,

397 1720 435 1778 et
451 1715 642 1800 assignatos
658 1717 761 1792 n’ros,
780 1717 888 1781 altera
905 1738 984 1801 pars
1002 1737 1105 1801 penes
1123 1717 1313 1802 predictam
1331 1737 1510 1801 personam

398 1820 513 1883 eccl’ie
539 1819 581 1884 de
607 1821 714 1885 Wath
740 1822 800 1906 qui
827 1843 889 1906 pro
916 1828 1073 1906 tempore
1100 1823 1214 1897 tuerit,
1242 1828 1276 1885 et
1303 1841 1512 1887 successores

397 1941 489 1999 suos,
507 1925 615 1989 tercia‘
628 1946 707 2009 pars
722 1946 826 2010 penes
842 1926 1041 2009 Capitulum
1058 1926 1136 1991 eccl.
1156 1926 1237 1991 Coll.
1256 1926 1347 1989 beati
1365 1924 1510 1990 Willridi

400 2028 538 2112 Ripon',
568 2036 602 2093 et
630 2036 757 2114 quarta
784 2051 865 2114 pars
892 2051 997 2115 penes
1024 2030 1218 2114 predictum
1246 2029 1441 2113 Johannem
1469 2028 1512 2094 de

397 2132 529 2197 Thresk
565 2140 599 2198 et
635 2154 844 2199 successores
879 2155 959 2198 suos
996 2134 1087 2199 dicte
1122 2134 1282 2199 Cantarie
1317 2132 1511 2218 capellanos

370 2264 374 2269 ·
398 2239 579 2322 perpetuo’
591 2240 829 2314 remanebunt,
853 2238 1017 2324 quodque
1042 2238 1133 2302 idem
1156 2238 1274 2322 Joh’es
1297 2238 1339 2303 de
1361 2237 1511 2303 Threske

397 2348 435 2406 et
461 2325 606 2426 quilibet
633 2363 716 2407 suus
742 2364 916 2408 successor
941 2343 1094 2408 eiusdem
1121 2342 1281 2409 Canterie
1308 2341 1511 2426 Capellanus

397 2447 458 2531 qui
492 2467 555 2531 pro
590 2454 745 2531 ternpore
780 2448 883 2512 tuerit
915 2447 1111 2512 huiusmodi
1143 2447 1362 2522 vestimenta,
1395 2446 1508 2523 libros,

396 2551 528 2627 calices,
548 2558 583 2616 et
601 2551 669 2616 alia
687 2552 808 2616 localia
826 2558 861 2616 et
880 2558 1084 2617 ornamenta
1102 2571 1318 2636 quecumque
1337 2571 1377 2615 ac
1395 2550 1510 2616 omnia

396 2654 464 2720 alia
501 2657 592 2720 bona
631 2656 675 2720 ad
713 2677 814 2720 vsum
852 2655 1004 2720 eiusdem
1043 2656 1205 2720 Cantarie
1244 2655 1413 2740 deputata
1450 2675 1510 2720 seu

396 2760 571 2845 assignata
609 2760 663 2825 vel
701 2760 927 2845 imposterum
959 2759 1161 2846 deputanda
1191 2780 1251 2826 seu
1289 2758 1507 2845 assignanda,

395 2866 593 2949 sumptibus
630 2866 699 2929 suis
737 2865 885 2950 proprijs
923 2886 1002 2930 cum
1040 2864 1223 2950 indiguerit
1262 2864 1434 2949 reparabit
1472 2871 1506 2929 et
1552 2857 1692 2989 aglffl

395 2968 523 3033 reficiet
540 2975 575 3033 et
592 2990 632 3033 ea
648 2970 764 3034 omnia
780 2970 877 3034 salua
894 2976 928 3033 et
945 2970 1080 3055 integra
1096 2970 1284 3034 secundum
1301 2968 1506 3054 possibilita·
1532 2990 1608 3040 thom
1623 2991 1650 3040 in
1665 3005 1703 3041 re-

396 3079 468 3137 tem
502 3073 687 3138 eorundem
723 3075 852 3157 absque
887 3074 1088 3138 vendicione
1124 3074 1413 3159 impignoracione
1447 3093 1506 3139 scu
1519 3058 1713 3189 ξῇξΐοξῗῇᾮῖἕ(

395 3177 626 3242 diminucione
649 3177 765 3262 aliqua
788 3177 914 3242 futuris
938 3179 1151 3263 temporibus
1174 3185 1340 3262 perpetuo
1363 3179 1448 3241 bene
1471 3184 1506 3242 et
1520 3205 1575 3253 any
1588 3192 1617 3240 of
1635 3191 1710 3240 tuem

394 3281 540 3346 fideliter
560 3282 779 3346 conseruabit
801 3303 841 3346 ac
862 3281 904 3346 de
925 3281 1054 3347 eisdem
1076 3282 1195 3347 reddet
1217 3282 1387 3347 racionem
1408 3282 1507 3345 nobis

394 3386 576 3451 heredibus
593 3386 648 3450 vel
665 3387 846 3471 assignatis
862 3388 988 3452 nostris
1006 3393 1067 3452 aut
1084 3407 1226 3471 persone
1243 3387 1322 3451 eccl.
1341 3387 1383 3451 de
1401 3387 1506 3451 Wath

394 3490 591 3574 supradicte
623 3491 684 3575 qui
716 3511 779 3574 pro
812 3498 966 3575 tempore
1002 3492 1107 3557 fuerit
1140 3513 1200 3555 seu
1233 3491 1392 3575 Capitulo
1425 3491 1505 3557 eccl.

395 3595 476 3689 C⁰Ht
502 3596 654 3679 predicte
677 3594 967 3682 quandocumque
999 3616 1116 3661 eorum
1148 3596 1270 3680 aliquis
1301 3597 1380 3660 inde
1403 3596 1506 3661 fuerit

395 3700 590 3785 requisitus.
638 3699 693 3763 Ad
715 3720 782 3784 que
806 3700 922 3764 omnia
945 3706 980 3764 et
1003 3700 1137 3785 singula
1160 3701 1194 3764 in
1218 3700 1328 3765 forma
1351 3701 1505 3784 predicta

395 3805 481 3868 bene
504 3811 539 3868 et
562 3803 709 3868 fideliter
724 3803 891 3880 facienda,
910 3803 1070 3879 tenenda,
1088 3810 1123 3868 et
1140 3804 1386 3888 perimplenda,
1407 3811 1442 3869 et
1461 3806 1506 3869 ad

394 3908 648 3973 ordinacionem
698 3914 852 3972 nostram
902 3907 1094 3993 predictam
1144 3908 1397 3992 imperpetuum
1447 3910 1506 3973 ob-

394 4013 574 4089 seruanda,
606 4012 751 4098 quilibet
783 4012 987 4096 Capellanus
1019 4012 1063 4077 ad
1090 4012 1288 4077 Cantariam
1315 4012 1506 4096 predictam

394 4118 620 4202 imposterum
637 4116 874 4181 admittendus
890 4123 925 4180 et
942 4117 976 4180 in
999 4116 1119 4180 eadem
1141 4117 1304 4181 canonice
1325 4116 1506 4182 instituen-

394 4221 459 4286 dus
491 4228 526 4286 et
551 4220 775 4296 inducendus,
800 4220 1029 4284 incontinenti
1052 4226 1132 4303 post
1155 4220 1228 4284 eius
1251 4219 1504 4296 admissionem,

393 4346 510 4391 coram
539 4346 575 4390 se
607 4324 814 4389 admittente
848 4324 902 4388 vel
941 4323 1158 4398 instituente,
1198 4323 1243 4387 ad
1281 4330 1402 4389 sancta
1442 4327 1506 4389 Dei

394 4430 572 4515 euangelia
587 4428 761 4513 corporale
779 4428 948 4513 prestabit
966 4428 1209 4502 iuramentum,
1230 4427 1382 4512 alioquin
1400 4429 1506 4512 ipsius

395 4534 569 4619 Capellani
584 4534 644 4618 qui
664 4532 860 4596 huiusmodi
879 4533 1114 4596 iuramentum
1136 4551 1205 4596 non
1228 4532 1428 4616 prestiterit,
1446 4554 1506 4598 seu

394 4645 547 4723 prestare
580 4636 778 4722 neglexerit,
803 4635 976 4710 admissio,
1004 4634 1192 4710 institucio,
1217 4642 1252 4699 et
1283 4635 1440 4700 induccio
1471 4638 1505 4702 in

395 4743 593 4807 Cantariam
621 4739 855 4824 supradictam
886 4740 979 4803 omni
1009 4738 1125 4823 vigore
1154 4740 1292 4822 penitus
1322 4747 1438 4804 careat
1471 4748 1503 4805 et

394 4847 530 4911 effectu.
