3950 5625
432 674 474 741 82
723 673 801 738 THE
827 673 982 738 InonBY
1007 672 1254 736 Manuscmpr.

432 865 481 930 39.
817 853 904 934 (124)
932 824 1150 916 neroum.

261 977 417 1036 ³21s÷¹2³4
520 969 621 1034 Omn.
635 969 693 1051 xpi
705 968 762 1032 tid.
776 989 825 1051 pr.
838 988 900 1032 scr.
916 969 978 1031 vis.
991 968 1045 1031 vel
1058 967 1150 1041 aud,
1162 966 1344 1048 Wymerus
1357 964 1400 1029 de
1411 965 1547 1028 Thom-

433 1078 505 1148 ton‚
535 1074 692 1137 salutem.
746 1071 920 1136 Noueritis
948 1091 1003 1135 me
1031 1071 1107 1135 ded.
1133 1091 1227 1134 conc.
1254 1075 1288 1132 et
1313 1071 1345 1133 h.
1372 1089 1405 1152 p.
1436 1088 1465 1131 c.
1497 1088 1544 1130 m.

430 1177 519 1241 coni.
540 1178 644 1241 beato
662 1177 740 1259 Joh.
761 1176 918 1259 Baptiste
937 1181 971 1238 et
991 1175 1125 1258 Capelle
1144 1194 1218 1238 mee
1236 1174 1278 1237 de
1297 1171 1545 1253 Asmunderby

432 1280 476 1345 ad
504 1281 671 1344 luminare
699 1280 827 1343 ibidem
855 1279 1111 1353 inueniendum,
1141 1278 1162 1361 ij
1194 1277 1361 1341 solidatus
1388 1275 1546 1340 redditus

431 1404 518 1468 quos
540 1384 682 1466 Job’nes
704 1385 863 1467 Carpent.
888 1383 991 1447 michi
1013 1383 1144 1446 soluere
1165 1381 1344 1446 consueuit
1367 1400 1429 1463 pro
1452 1385 1545 1443 tene-

432 1493 550 1552 mento
580 1488 674 1572 quod
705 1488 747 1551 de
778 1508 832 1550 me
863 1493 958 1550 tenet
990 1487 1024 1550 in
1055 1487 1137 1549 villa
1167 1492 1202 1548 et
1233 1485 1267 1548 in
1299 1483 1472 1548 territorio
1502 1482 1545 1547 de

432 1592 685 1675 Asmunderby.
748 1593 794 1654 Et
825 1591 981 1654 similiter
1009 1589 1232 1674 adquietand.
1260 1608 1314 1652 me
1340 1594 1375 1651 et
1400 1589 1470 1651 her.
1498 1607 1542 1650 m.

432 1695 475 1760 de
495 1716 610 1759 annuo
630 1695 767 1759 redditu
787 1715 890 1779 quem
910 1695 1040 1758 soluere
1060 1694 1300 1758 consueuimus
1320 1692 1362 1755 de
1383 1691 1545 1774 Stodeley

433 1819 495 1883 pro
511 1799 707 1863 molendina
724 1799 766 1863 de
783 1799 882 1874 Ferk,
900 1819 1026 1882 prosa.
1045 1819 1100 1862 an.
1119 1818 1163 1861 m.
1180 1805 1214 1860 et
1231 1818 1322 1860 omn.
1339 1802 1543 1861 antecessor.

433 1904 563 1967 ether.
590 1924 635 1967 m.
684 1905 730 1966 Et
756 1923 818 1986 ego
843 1903 1026 1986 Wymerus
1051 1907 1085 1965 et
1110 1902 1180 1965 her.
1208 1922 1252 1965 m.
1280 1900 1433 1984 prefatos
1459 1899 1545 1964 duos

433 2006 559 2071 solidos
583 2007 676 2090 pred.
696 2007 772 2071 S’co
799 2007 902 2089 (Joh.)
920 2017 928 2046 ¹
955 2013 989 2069 et
1010 2005 1145 2089 Capelle
1165 2012 1199 2068 et
1216 2004 1401 2088 Capellano
1425 2000 1545 2068 contra

433 2132 525 2176 omn.
553 2112 708 2189 homines
735 2111 769 2174 in
797 2131 890 2194 perp.
920 2110 1222 2174 warantizabimus
1248 2115 1282 2172 et
1310 2108 1542 2172 defendemus.

435 2215 475 2279 In
494 2235 525 2281 e.
550 2235 579 2284 r.⁴
600 2222 625 2279 t.
650 2235 699 2298 pr.
723 2236 785 2279 scr.
810 2215 869 2299 sig.
894 2236 939 2279 m.
964 2213 1119 2297 apposui.
1168 2214 1212 2277 H.
1237 2219 1261 2276 t.
1287 2213 1417 2296 Mag’ro
1440 2211 1480 2276 G.
1504 2212 1545 2275 de

434 2319 535 2384 Lard’
556 2319 684 2384 Canon.
707 2319 843 2403 Ripon’,
864 2318 1005 2383 Warino
1024 2323 1108 2382 tunc
1127 2318 1255 2381 balliuo
1274 2316 1412 2399 Ripon’‚
1434 2316 1544 2380 Rob'o

433 2423 617 2506 Capeliano
663 2423 800 2506 Ripon’‚
845 2422 959 2486 Will'o
1003 2422 1045 2485 de
1090 2421 1264 2503 Stodelay,
1310 2420 1461 2484 Will’mo
1504 2420 1544 2483 de

434 2526 670 2611 Merkingfeld,
693 2527 815 2590 Petrus
837 2526 907 2608 (sic)
930 2526 972 2590 de
993 2525 1113 2589 eadem
1133 2532 1167 2588 et
1188 2525 1271 2589 aliis.

702 2705 789 2788 (125)
816 2705 873 2769 DE
897 2722 1016 2768 ranna
1041 2723 1278 2769 vrcamoaun.

522 2822 623 2887 Omn.
653 2823 685 2886 h.
714 2843 776 2886 scr.
806 2822 1075 2905 cyrograffatum
1103 2824 1165 2886 vis.
1194 2823 1248 2886 vel
1276 2822 1355 2886 aud.
1387 2822 1475 2887 Rob.
1504 2821 1543 2885 de

436 2926 644 3001 Almanberi,
673 2926 745 2989 Ric.
773 2926 814 2989 de
835 2926 983 3012 -Topelif,
1010 2926 1074 2990 Ad.
1102 2926 1176 2990 Nel.
1205 2926 1277 2990 Ric.
1305 2926 1347 2989 de
1373 2926 1542 3011 Bondgat,

435 3030 543 3093 Will's
568 3030 610 3093 de
636 3029 807 3113 Bondgat’
834 3036 869 3092 et
894 3030 1013 3112 Joh’es
1037 3029 1126 3094 filius
1152 3028 1295 3105 Galirid,
1321 3031 1440 3094 vicarii
1466 3030 1541 3094 eccl.

436 3134 573 3217 Ripon’,
593 3154 640 3197 sa.
660 3134 695 3197 in
714 3134 804 3197 D’no
822 3134 1077 3217 sempiternam.
1126 3134 1300 3197 Noueritis
1317 3155 1380 3198 nos
1397 3155 1492 3199 conc.
1511 3139 1543 3197 et

435 3237 480 3302 ad
508 3237 646 3301 ieodam
674 3237 809 3301 firmam
837 3237 1004 3300 dimisisse
1033 3258 1072 3301 ac
1101 3258 1187 3321 pres.
1217 3259 1279 3302 scr.
1309 3244 1428 3302 nostro
1456 3237 1542 3302 coni.

436 3341 566 3406 Simoni
596 3341 761 3405 Tanatori
791 3341 833 3404 de
865 3341 1032 3424 Prestlay,
1064 3362 1169 3405 vnam
1200 3342 1281 3406 dim.
1314 3363 1429 3406 aeram
1460 3348 1545 3405 terre

436 3466 515 3509 cum
534 3450 620 3529 pert.
641 3445 675 3508 in
695 3444 819 3527 Ripon’
839 3464 906 3528 que
924 3444 1015 3527 jacet
1034 3445 1124 3509 inter
1140 3446 1234 3510 viam
1252 3434 1319 3529 que
1337 3466 1372 3509 se
1390 3446 1544 3510 extendit

437 3550 536 3613 iuxta
552 3569 643 3613 noua
663 3548 859 3612 molendina
879 3554 913 3611 et
938 3554 1066 3612 terram
1091 3549 1229 3613 Patricii
1254 3549 1296 3612 de
1322 3549 1489 3633 Prestlay,
1506 3555 1539 3612 et

436 3653 604 3717 abbuttat
634 3672 742 3716 vnum
772 3651 885 3734 capud
915 3672 1018 3735 super
1047 3658 1174 3716 terram
1200 3653 1347 3717 Simonis
1378 3653 1541 3727 Herman,

434 3776 541 3840 quam
561 3755 701 3839 quidem
723 3755 804 3819 dim.
824 3776 939 3820 acram
960 3762 1049 3819 terre
1069 3777 1132 3820 nos
1153 3758 1338 3822 habuimus
1359 3757 1451 3822 dono
1472 3756 1543 3821 d’ni

436 3860 525 3924 Will.
539 3860 573 3922 'le
595 3860 771 3923 Wawsor²
792 3859 969 3942 quondam
986 3859 1147 3924 Canoniei
1166 3860 1304 3944 Ripon’,
1322 3862 1401 3926 hab.
1422 3867 1456 3925 et
1477 3867 1544 3924 ten.

436 3963 546 4028 eidem
563 3963 693 4028 Simoni
710 3963 830 4027 ether.
848 3983 873 4027 s.
892 3964 947 4026 vel
963 3984 1030 4027 eor.
1050 3964 1172 4048 assign.
1190 3964 1304 4040 libere,
1322 3965 1392 4049 qui.
1411 3966 1497 4029 bene
1513 3971 1545 4027 et

435 4067 470 4132 in
493 4088 587 4152 pace,
611 4088 690 4132 cum
713 4067 872 4131 omnibus
895 4068 1017 4151 pertin.
1042 4088 1080 4142 s.,
1104 4067 1323 4133 libertatibus
1345 4075 1380 4133 et
1403 4070 1544 4153 aysiam.

435 4171 470 4236 in
495 4192 589 4255 perp.
638 4171 747 4234 Redd.
774 4170 853 4234 inde
878 4172 1059 4235 annuatim
1083 4172 1182 4235 nobis
1206 4179 1241 4235 et
1265 4193 1407 4237 success.
1434 4194 1467 4238 n.
1494 4173 1544 4256 ijs.

435 4276 687 4358 sterlingorum,
719 4274 788 4338 scil.
822 4274 960 4339 mediet.
994 4275 1039 4339 ad
1072 4276 1168 4339 Pent.
1202 4284 1237 4340 et
1268 4277 1393 4341 medie·
1427 4278 1480 4359 (39
1500 4278 1542 4355 v.)

436 4384 546 4443 tatem
565 4379 609 4443 ad
627 4378 650 4442 f.
671 4378 703 4442 S.
724 4378 768 4441 M.
788 4377 823 4441 in
841 4378 874 4441 h.
894 4398 956 4460 pro
974 4398 1066 4443 omn.
1086 4399 1173 4443 serv.
1193 4380 1412 4456 secularibus,
1432 4399 1544 4445 exacc.

435 4489 470 4546 et
495 4483 584 4547 dem.
611 4488 645 4545 et
671 4503 732 4565 pro
757 4502 848 4545 omn.
876 4481 951 4545 aliis
975 4484 1086 4547 rebus.
1135 4482 1207 4546 Nos
1231 4504 1313 4549 vero
1338 4491 1372 4548 et
1397 4504 1485 4548 succ.
1512 4504 1544 4547 n.

435 4586 529 4669 pred.
555 4592 682 4650 terram
706 4605 783 4649 cum
808 4590 894 4667 pert.
921 4584 1015 4667 pred.
1041 4585 1171 4650 Simoni
1195 4588 1323 4652 ether.
1349 4608 1374 4651 s.
1399 4588 1454 4651 vel
1478 4606 1543 4651 eor.

508 4753 515 4775 ¹
535 4748 669 4798 Inserted.
743 4752 752 4773 ²
773 4746 890 4810 Writing
904 4747 1023 4798 blurred.
