3950 5625
481 715 525 780 60
756 709 840 775 Tria
867 708 1023 775 [norror
1049 705 1310 771 Munuscnrrr.

478 891 645 975 scripturn
688 889 787 975 sigilli
829 887 938 952 nostri
981 883 1199 968 apposieione
1242 883 1384 967 dignum
1426 879 1589 945 duximus

478 995 722 1060 roborandum.
770 994 846 1057 Hiis
867 992 1025 1065 testibus,
1049 988 1220 1073 Magistris
1241 987 1283 1051 de
1305 986 1396 1051 Suell
1417 984 1590 1050 Canonico

479 1099 582 1164 Ebor.
611 1104 646 1162 et
674 1098 715 1162 R.
745 1097 860 1181 Haget
887 1095 1059 1160 Canonico
1085 1092 1128 1156 de
1155 1091 1256 1166 Suell,
1286 1089 1458 1175 Magistris
1484 1088 1522 1152 L.
1548 1087 1590 1152 de

478 1202 605 1286 Topkif
636 1201 721 1284 (sic),
750 1200 802 1264 W.
829 1200 999 1274 Romano,
1025 1196 1205 1261 Canonicis
1236 1195 1374 1279 Ripon’,
1404 1193 1519 1259 Will’o
1548 1192 1590 1256 de

479 1307 600 1390 Vescy,
624 1305 764 1370 Matheo
785 1305 827 1369 de
850 1304 1034 1378 Cantebut,
1052 1302 1173 1367 Odone
1189 1301 1232 1365 de
1255 1299 1421 1373 Richem',
1440 1297 1591 1362 Martino

479 1409 630 1486 Flandr',
660 1407 795 1494 Regin'l
822 1409 953 1483 clerico,
984 1405 1114 1471 Rob’to
1145 1406 1187 1470 de
1216 1405 1378 1480 Bedford‚
1408 1409 1443 1467 et
1471 1401 1591 1467 multis

479 1514 563 1578 aliis
612 1514 706 1609 Data
730 1513 823 1596 apud
850 1512 986 1595 Rypon,
1014 1510 1048 1594 vj
1076 1511 1121 1574 kl.
1150 1511 1250 1575 Mart.
1277 1509 1501 1594 pontificatus
1525 1507 1590 1572 n’ri

482 1637 573 1682 anno
591 1612 828 1682 nonodecimo,

734 1755 799 1839 (80)
826 1756 948 1820 Caum
971 1772 1135 1819 mosomi
1162 1754 1350 1838 (cantarie).

568 1887 619 1952 Sc.
637 1906 687 1970 pr.
704 1892 739 1949 et
755 1886 820 1950 fut.
835 1885 929 1969 quod
944 1905 1006 1970 ego
1023 1884 1102 1967 Joh.
1118 1883 1163 1948 fil.
1179 1884 1267 1948 Rob.
1284 1883 1327 1947 de
1344 1883 1477 1947 Lanum
1494 1902 1589 1947 conc.

368 1979 383 2012 θ
422 1978 465 2013 em
483 1990 535 2074 (27
554 1991 601 2075 v.)
625 1995 660 2053 et
681 2010 714 2074 p.
737 2010 765 2053 c.
788 1989 877 2053 conf.
902 1988 1041 2074 Hugoni
1066 1988 1244 2072 capellano
1265 1988 1307 2051 de
1330 1987 1455 2071 Ripon,
1478 1993 1591 2051 totam

480 2100 608 2158 terram
627 2114 706 2158 cum
726 2093 849 2177 pertin.
871 2113 973 2177 super
994 2091 1125 2176 Speltre
1145 2112 1251 2176 quam
1272 2090 1377 2155 Galfr.
1400 2091 1442 2155 de
1463 2090 1592 2154 Larder

434 2220 436 2225 ’
480 2197 671 2263 Canonicus
691 2195 816 2281 Ripon’
836 2198 879 2261 de
897 2217 952 2261 me
971 2195 1096 2271 tenuit,
1118 2201 1186 2260 ten.
1208 2202 1242 2259 et
1261 2196 1340 2259 hab.
1361 2195 1472 2259 eidem
1491 2195 1536 2259 H.
1556 2200 1591 2258 et

480 2298 603 2383 assign.
645 2320 684 2374 s,
725 2298 795 2362 scil.
837 2298 1022 2381 capellanis
1061 2300 1333 2364 deseruientibus
1372 2299 1484 2363 Altari
1525 2298 1591 2363 S'ci

479 2403 615 2467 Andree
629 2403 664 2467 in
679 2402 803 2486 Ripon'
819 2402 1072 2468 celebrantibus
1085 2405 1213 2469 ibidem
1227 2404 1346 2469 diuina
1358 2424 1421 2487 pro
1434 2403 1592 2468 fidelibus

480 2506 652 2572 defunctis
673 2506 733 2570 vni
756 2512 835 2589 post
857 2506 962 2571 alium
979 2509 1168 2573 successiue
1186 2509 1221 2573 in
1238 2513 1453 2592 perpetuum.
1502 2507 1592 2572 Red-

480 2611 595 2676 dendo
619 2610 723 2675 michi
742 2616 777 2674 et
797 2611 866 2675 her.
884 2611 968 2675 meis
984 2612 1040 2675 vel
1055 2614 1305 2678 successoribus
1329 2612 1510 2678 annuatim
1532 2632 1592 2676 sex

481 2716 639 2781 denarios
654 2736 717 2801 pro
733 2715 826 2780 omni
842 2735 928 2780 serv.
944 2721 979 2779 et
995 2717 1097 2793 dem,
1111 2718 1180 2782 scil.
1196 2724 1265 2781 tres
1277 2718 1354 2782 den.
1369 2717 1414 2782 ad
1430 2717 1507 2781 lest.
1526 2716 1592 2782 S'ci

482 2822 527 2887 M.
545 2828 581 2885 et
596 2827 667 2885 tres
683 2821 715 2885 d.
734 2821 779 2885 ad
796 2821 894 2885 Pent.
944 2822 991 2886 Et
1008 2843 1070 2907 ego
1085 2822 1228 2905 Joh’nes
1244 2829 1279 2887 et
1300 2824 1368 2886 her.
1387 2843 1432 2887 m.
1455 2842 1533 2886 war.
1558 2827 1592 2885 et

481 2927 549 2991 del.
567 2926 662 3010 pred.
680 2925 865 3010 capellanis
880 2927 975 3010 pred.
994 2933 1122 2991 terram
1146 2948 1225 2992 cum
1250 2933 1338 3011 pert.
1356 2933 1477 2991 contra
1499 2947 1591 2990 omn.

482 3031 574 3096 hom.
593 3036 628 3094 et
644 3030 723 3094 lem.
742 3030 776 3094 in
799 3030 958 3094 omnibus
980 3031 1223 3116 inperpetuum
1246 3052 1308 3116 pro
1325 3032 1418 3116 pred.
1437 3032 1590 3095 servicio.

483 3135 560 3200 Hiis
582 3134 740 3210 testibus,
764 3134 877 3199 Will'o
900 3135 942 3199 de
965 3136 1132 3213 Masham,
1157 3136 1287 3201 Rob'to
1310 3137 1463 3221 Sarray5‚
1487 3136 1591 3221 Hug',

483 3240 633 3315 Matheo,
673 3239 860 3322 Jeronim0,
904 3239 1106 3323 CapellaniS,
1151 3241 1276 3323 Joh'ne
1319 3242 1361 3306 de
1404 3240 1593 3315 LounderS,

416 3396 420 3404 .
483 3344 557 3409 Ric'
582 3344 625 3408 de
647 3343 825 3427 Cardolye,
850 3343 938 3408 Gilb.
964 3345 1006 3409 de
1030 3344 1216 3422 Mortimer,
1240 3345 1329 3410 Will.
1354 3346 1396 3410 de
1420 3344 1593 3428 Stodeley‚

482 3449 567 3515 Tho.
587 3450 630 3514 de
647 3449 811 3524 Cluther',
831 3448 916 3534 Rog.
937 3449 979 3513 de
997 3449 1158 3526 Nunwik,
1178 3451 1315 3515 Simone
1333 3451 1375 3514 de
1393 3450 1593 3523 Monketon,

483 3561 518 3619 et
538 3554 622 3619 aliis.

805 3615 871 3698 (81)
898 3615 1021 3681 CARTA
1046 3634 1095 3681 DE
1119 3632 1273 3682 uorum.1

572 3748 650 3831 Joh.
669 3747 714 3811 fil.
735 3746 822 3811 Rob.
841 3745 884 3809 de
901 3745 1036 3811 Lanum
1054 3798 1061 3811 .
1082 3799 1088 3812 .
1107 3747 1196 3812 Will.
1210 3748 1255 3811 fil.
1272 3747 1408 3830 Xpiane
1424 3747 1467 3811 de
1481 3746 1594 3830 Ripon

487 3853 537 3937 (as
559 3852 597 3917 in
619 3853 670 3916 the
691 3852 765 3927 last,
789 3850 867 3915 wiltz
888 3871 978 3915 same-
1000 3852 1176 3928 witnesses,
1200 3852 1269 3916 and
1291 3852 1379 3916 Rob.
1404 3851 1449 3915 fil.
1475 3849 1594 3926 Galfr„

485 3960 571 4045 Rog’
593 3960 623 4024 le
644 3959 789 4034 Sainter‚
810 3958 924 4023 Will'o
943 3958 989 4022 fil.
1011 3956 1110 4041 ejus).

816 4100 881 4183 (82)
909 4100 1030 4165 CARTA
1055 4117 1103 4163 na
1128 4117 1265 4164 aonuu.

574 4236 625 4302 Se.
644 4257 694 4320 pr.
713 4241 747 4299 et
765 4236 829 4300 lut.
848 4234 941 4318 quod
958 4255 1021 4319 ego
1037 4235 1116 4316 Joh.
1135 4234 1180 4297 fil.
1200 4234 1287 4297 Rob.
1306 4233 1348 4297 de
1366 4232 1500 4296 Lanum
1517 4231 1594 4295 ded.

486 4363 580 4407 conc.
604 4347 639 4405 et
661 4361 694 4424 p.
718 4362 745 4404 e.
770 4361 814 4404 m.
839 4339 927 4404 conl.
947 4339 1076 4424 Mag'ro
1099 4337 1204 4402 Gallr.
1223 4337 1265 4401 de
1288 4336 1389 4400 Lard'
1413 4335 1494 4400 Con.
1521 4334 1592 4418 (sic)

450 4469 453 4476 ·
488 4446 625 4531 Ripon',
653 4450 765 4509 totam
791 4451 918 4507 terram
944 4464 988 4507 m.
1016 4462 1118 4526 super
1144 4440 1276 4525 Speltre
1301 4440 1336 4504 in
1361 4459 1455 4523 perp.
1483 4438 1523 4502 el.
1552 4438 1597 4502 ad

486 4550 778 4616 sustentacionem
804 4548 905 4611 vnius
932 4546 1105 4631 Capellani
1132 4546 1191 4629 qui
1217 4545 1364 4609 celebret
1390 4543 1508 4608 divina
1534 4561 1597 4625 pro

487 4656 668 4721 animabus
685 4653 794 4737 patris
810 4673 855 4716 m.
875 4658 910 4716 et
926 4651 1048 4716 matris
1064 4671 1109 4714 m.
1129 4657 1164 4714 et
1181 4670 1243 4732 pro
1260 4669 1314 4713 an.
1334 4668 1425 4713 omn.
1444 4646 1595 4711 fidelium

559 4816 566 4839 ¹
586 4810 621 4858 So
634 4808 662 4857 in
675 4807 731 4857 MS.
747 4769 993 4870 alwass—without
1005 4805 1101 4869 regard
1117 4807 1147 4852 to
1160 4803 1270 4867 gendes.
