3950 5625
428 720 491 804 278
713 720 792 785 Tira
817 719 973 784 Iuenna
997 716 1244 781 Mauoscnmr.

426 900 553 964 ibidem
571 900 761 984 assignatis,
780 899 837 964 Ca.
857 918 950 983 perp.
970 897 1069 961 Cant.
1088 915 1182 980 perp.
1202 893 1347 958 fundate
1364 892 1411 956 ad
1430 892 1546 956 altare

426 1005 526 1068 beate
541 1005 645 1068 Marie
659 1004 805 1088 Virginis
819 1004 853 1068 in
867 1003 949 1067 Alta
962 1001 1101 1086 Capella
1114 1002 1215 1064 beate
1229 998 1334 1062 Marie
1347 997 1547 1082 vulgariter

426 1115 627 1193 nuncupata
646 1109 704 1173 the
724 1108 821 1192 Lady
842 1107 952 1171 Lolte.

515 1250 614 1325 ltem,
640 1249 827 1314 seeundum
851 1248 992 1313 stallum
1014 1245 1206 1330 assignauit
1230 1244 1287 1309 Ca.
1314 1243 1414 1308 Cant.
1442 1263 1543 1327 perp.

426 1353 471 1418 ad
489 1354 596 1418 altare
614 1354 680 1420 S'ei
697 1353 803 1418 Tho'e
822 1351 970 1416 Martiris
988 1349 1143 1415 fundate.

429 1493 481 1580 (97
489 1498 533 1574 v.)
583 1493 682 1568 Item,
705 1491 847 1556 tercium
869 1490 1010 1555 stallum
1031 1488 1220 1573 assignauit
1240 1487 1296 1552 Ca.
1318 1487 1418 1552 Cant.
1441 1507 1541 1571 perp.

426 1597 570 1661 fundate
606 1596 651 1660 ad
687 1596 795 1660 altare
831 1594 905 1660 S'ee
941 1593 1128 1658 Trenitatis
1164 1614 1206 1657 ex
1242 1598 1341 1677 parte
1377 1591 1542 1656 orientali

426 1701 578 1765 eiusdem
597 1699 744 1764 ecclesie.

516 1843 615 1918 Item,
644 1847 808 1926 quartum
835 1840 975 1905 stallum
1003 1839 1198 1924 assignatur
1224 1838 1281 1903 Ca.
1310 1837 1410 1902 Cant.
1441 1858 1541 1922 perp.

427 1947 571 2013 fundate
590 1946 634 2011 ad
653 1946 761 2010 altare
779 1944 1036 2029 Assumpcionis
1054 1945 1156 2008 beate
1175 1943 1280 2007 Marie
1298 1941 1458 2027 Virginis.

516 2089 616 2163 Item,
645 2087 807 2171 quintum
834 2087 975 2151 stallum
1003 2085 1198 2170 assignatur
1224 2084 1281 2148 Ca.
1311 2083 1410 2148 Cant.
1441 2104 1540 2168 perp.

427 2193 571 2257 fundate
591 2192 625 2256 in
644 2192 771 2255 honore
790 2190 856 2255 S'ci
875 2190 1023 2254 Wiliridi
1042 2191 1120 2275 Ep’i
1139 2196 1174 2254 et
1193 2188 1412 2254 Coniessoris.

517 2333 616 2407 ltem,
647 2338 822 2397 statutum
851 2338 903 2396 est
932 2331 1026 2415 quod
1055 2332 1200 2416 quilibet
1230 2331 1434 2416 Capellanus
1465 2351 1541 2415 per-

426 2444 552 2523 petuus
576 2437 822 2521 cuiuscumque
847 2437 1008 2501 Cantarie
1033 2443 1197 2521 perpetue
1222 2435 1374 2520 predicte
1399 2455 1541 2519 presens

427 2548 461 2605 et
486 2541 623 2606 iuturus
647 2541 785 2605 incedat
810 2540 844 2604 in
869 2541 1029 2605 omnibus
1053 2540 1325 2625 processionibus
1348 2539 1542 2603 secundum

426 2646 498 2710 eius
517 2645 763 2720 senioritatem,
784 2651 888 2729 prout
908 2646 1075 2709 hactenus
1094 2644 1222 2709 ibidem
1241 2643 1411 2708 vsitatum
1431 2650 1494 2709 est.

428 2837 516 2919 (360)
557 2837 721 2902 Siarum
754 2835 1022 2901 Cauourcoaun
1056 2838 1161 2902 Ecca.
1196 2837 1299 2901 Cora.
1335 2836 1465 2900 R11>0u⁹
1502 2854 1539 2901 ru

469 2942 542 3005 Sua
566 2941 851 3005 Conuocncioua
875 2958 1057 3005 cananum
1082 2959 1213 3006 naman
1238 2956 1348 3005 amm
1371 2958 1411 3004 nt
1436 2958 1540 3005 enas-

469 3062 579 3110 ancm
597 3046 913 3110 Ravanuunissrm
932 3063 970 3109 ru
989 3044 1069 3109 Xno
1086 3062 1211 3108 narnis
1233 3061 1277 3108 nr
1302 3061 1434 3108 nomm
1461 3045 1538 3109 o'ur

468 3147 610 3223 Trionis,
648 3150 717 3213 Dm
754 3165 886 3213 onncm
921 3149 1034 3213 Esson.
1071 3148 1361 3224 Aucnnserscom,
1396 3148 1540 3214 Auome

470 3252 656 3327 annns,
682 3270 726 3316 ar
750 3252 974 3317 Aeosroucrs
999 3270 1101 3317 sams
1125 3269 1264 3318 Lucan.

278 3422 353 3472 Ι504,
516 3407 851 3473 vicesimosecundo
867 3408 921 3472 die
935 3409 1061 3473 mensis
1077 3408 1170 3492 Maij,
1186 3409 1287 3473 Anno
1302 3409 1382 3473 D'ni
1397 3409 1540 3474 Mill'mo

263 3477 415 3615 &gabon
429 3512 703 3596 quingentesimo
736 3518 872 3596 quarto,
909 3513 944 3576 in
978 3512 1082 3576 domo
1115 3512 1296 3597 capitulari
1330 3512 1420 3577 Eccl.
1456 3513 1538 3578 Coll.

264 3637 349 3683 :esent
362 3633 390 3681 in
431 3616 567 3701 Ripon',
591 3617 634 3681 M.
657 3616 812 3681 Andreas
833 3616 1010 3691 Newman,
1034 3616 1283 3681 Prebendarius
1303 3617 1475 3701 prebende
1496 3617 1539 3681 de

264 3714 337 3815 {2225
351 3699 403 3829 ᾖξε
430 3721 569 3785 Sharow
581 3721 616 3784 in
629 3721 719 3785 Eccl.
735 3721 815 3786 Coll.
830 3721 996 3806 predicta,
1010 3741 1050 3784 ac
1062 3720 1253 3785 Canonicus
1267 3721 1540 3786 Residenciarius

265 3848 363 3897 proxy.
430 3825 464 3889 in
488 3825 618 3900 eadem,
645 3825 689 3889 M.
716 3825 832 3890 Ric'us
857 3826 1122 3910 Bryndeholme,
1148 3826 1373 3890 Decretorum
1397 3826 1537 3901 Doctor,

430 3929 620 3994 Canonicus
651 3936 686 3994 et
718 3930 966 3995 Prebendarius
996 3930 1039 3994 de
1070 3931 1231 4014 Stodeley
1263 3931 1298 3995 in
1328 3930 1459 4007 eadem,
1493 3931 1537 3995 M.

430 4034 579 4098 Thomas
606 4034 825 4110 Bakehowse‚
853 4035 933 4100 Can.
962 4041 997 4099 et
1026 4036 1123 4099 Preb.
1150 4035 1322 4119 prebende
1349 4035 1391 4098 de
1419 4021 1538 4099 Stane-

431 4159 566 4223 wygges
602 4138 636 4202 in
673 4139 794 4203 eadem
830 4140 1063 4223 personaliter,
1099 4161 1139 4204 ac
1172 4140 1275 4204 ceteri
1309 4139 1471 4204 Canonici
1504 4145 1539 4203 et

433 4241 650 4325 Prebendarij
700 4242 952 4326 prebendarum
996 4244 1031 4308 in
1076 4244 1170 4308 dicta
1213 4243 1304 4308 Eccl.
1353 4243 1434 4308 Coll.
1480 4265 1540 4328 per

266 4340 367 4441 ἷξξζξζ
432 4352 679 4431 procuratores
728 4353 768 4410 vt
818 4368 932 4431 supra,
982 4354 1231 4432 comparentes,
1282 4348 1316 4411 in
1364 4348 1538 4432 presencia

266 4458 405 4538 chbishop
433 4450 720 4515 Reuerendissimi
750 4451 785 4514 in
818 4450 898 4535 Xpo
929 4452 1039 4536 patris
1066 4458 1100 4515 et
1130 4451 1270 4527 domini,
1298 4451 1370 4515 d’ni
1395 4452 1536 4526 Thome,

267 4539 417 4640 fffif’his
432 4555 496 4619 Dei
534 4555 648 4639 gracia
685 4555 787 4619 Ebor.
828 4555 1093 4639 Archiepiscopi,
1133 4556 1253 4640 Anglie
1291 4555 1462 4631 Primatis,
1502 4562 1537 4620 et

267 4657 411 4732 isentgiye
432 4659 627 4744 Apostoliee
654 4659 743 4723 sedis
769 4660 881 4743 legati,
910 4681 990 4724 cum
1021 4681 1187 4724 consensu
1214 4659 1339 4744 prefati
1368 4660 1536 4724 Reueren-

268 4724 418 4841 ang
432 4762 562 4828 dissimi
579 4762 687 4847 patris
703 4769 738 4826 et
755 4762 864 4827 tocius
881 4762 1031 4847 Capituli
1047 4764 1223 4838 antedicti,
1237 4763 1386 4847 quedam
1402 4770 1536 4829 statuta
