3950 5625
470 699 514 761 40
746 677 829 741 Tus
855 677 1010 742 luortnu
1037 675 1297 740 Mnuuscurpr.

471 852 636 917 dominus
667 865 814 936 occupat
844 853 898 916 vel
930 851 1006 916 eius
1033 863 1189 915 tenentes
1220 871 1260 914 ea
1287 871 1355 932 que
1383 849 1578 931 Capeliano

473 952 643 1035 pertinere
670 953 844 1027 deberent,
877 973 918 1016 eo
949 952 1043 1034 quod
1077 951 1191 1015 nullas
1219 949 1286 1012 iam
1316 949 1442 1012 habeat
1469 961 1579 1012 terras

473 1050 564 1114 vnde
581 1051 852 1135 hospitalitatem
871 1063 1011 1128 teneret,
1030 1071 1233 1133 quanquam
1254 1049 1365 1113 eidem
1384 1048 1579 1131 Capellano

474 1151 508 1214 in
526 1172 590 1214 sua
608 1151 719 1234 prima
735 1150 944 1216 fundacione
963 1164 1034 1216 tota
1058 1164 1147 1214 terra
1171 1149 1282 1232 ipsius
1304 1148 1413 1233 J0h’is
1434 1147 1578 1212 Russell

474 1250 516 1315 de
549 1251 732 1315 Disceford
764 1273 868 1333 quam
910 1252 977 1314 iam
1019 1251 1108 1315 idem
1148 1250 1313 1314 dominus
1350 1248 1472 1312 retinet
1510 1247 1578 1331 ipsi

473 1352 655 1435 assignata
671 1351 782 1415 fuerit.

876 1452 946 1534 (45)
972 1452 1175 1515 Nunwnm.

315 1619 321 1630 ·
348 1619 375 1651 12
393 1620 415 1651 ο,
519 1574 645 1655 (Grant
661 1573 699 1637 of
720 1575 800 1637 land
820 1574 872 1637 for
887 1596 908 1636 a
924 1574 1046 1657 chapel
1065 1576 1110 1658 by
1128 1573 1266 1636 Walter
1281 1572 1324 1635 de
1342 1571 1532 1654 Nunwyk).

565 1699 704 1761 Printed
727 1698 814 1762 from
832 1699 890 1762 the
909 1699 1149 1783 Darnbrough
1168 1698 1246 1761 MS.
1268 1697 1301 1759 in
1320 1695 1427 1758 Mem.
1448 1696 1577 1777 Rzpon,

476 1799 502 1875 l,
533 1818 604 1862 200.
678 1798 820 1883 lngilby
850 1799 926 1862 MS.
960 1799 1023 1863 has
1047 1799 1104 1863 the
1130 1799 1305 1885 readings,
1340 1799 1579 1884 “Nunwyk,”

477 1903 499 1933 “
515 1897 778 1975 KirlrestakeS‚’'
799 1902 821 1932 “
834 1898 964 1974 Yore‚’'
981 1898 1050 1961 and
1071 1903 1093 1933 “
1109 1898 1292 1962 Eleman.''

885 2050 954 2131 (46)
980 2049 1168 2112 Nuuwvrr.

305 2248 319 2280 c
346 2247 373 2280 ¹2
391 2248 414 2280 0·
528 2174 654 2256 (Grant
670 2173 708 2238 of
722 2174 802 2237 land
820 2173 873 2237 for
888 2195 909 2236 a
924 2173 1047 2257 chapel
1067 2176 1113 2259 by
1133 2173 1255 2259 Roget
1270 2175 1313 2238 de
1332 2174 1520 2256 Nunwyk).

563 2299 704 2363 printed
729 2299 816 2364 from
835 2300 892 2363 the
910 2300 1152 2384 Darnbrough
1171 2300 1249 2363 MS.
1270 2300 1304 2362 in
1322 2300 1429 2362 Mem.
1450 2298 1578 2380 Ripon,

476 2401 502 2477 Ι,
536 2419 604 2480 199.
675 2399 816 2483 Ingilby
851 2398 928 2462 MS.
957 2399 1020 2462 has
1049 2399 1106 2462 tbe
1141 2399 1305 2483 readings
1341 2397 1581 2482 “Nunwyk,”

477 2497 659 2575 “Elene‚”
692 2498 981 2575 “ScortbutteS,”
1018 2497 1444 2584 “Langwatbbotbemi‚”
1480 2498 1582 2561 “Al-

474 2597 591 2676 man,'’
613 2604 634 2633 “
647 2597 843 2682 Wigetat.”

475 2733 513 2801 17
534 2741 564 2783 v.
898 2722 968 2804 (47)
995 2722 1157 2785 Hewvu.

648 2846 811 2928 (Licence
827 2846 879 2909 for
895 2847 1017 2930 chapel
1034 2860 1070 2911 at
1088 2848 1218 2933 Bridge
1236 2848 1406 2929 Hewick).

565 2970 706 3035 Printed
737 2971 824 3035 from
860 2973 1100 3056 Darnbrough
1135 2973 1212 3037 MS.
1243 2974 1277 3036 in
1309 2973 1416 3036 Mem.
1452 2973 1579 3056 Rz'pou,

478 3071 503 3148 1,
533 3089 604 3133 202.
671 3070 814 3154 lngilby
841 3070 918 3135 MS.
947 3071 1010 3135 has
1038 3072 1096 3136 the
1122 3074 1287 3157 readings
1316 3078 1338 3108 “
1356 3072 1582 3156 Pinkneyg‚”

479 3175 501 3204 ‘⁸
519 3168 720 3254 Banbyry‚’'
749 3176 770 3205 “
785 3170 969 3234 Aldreth.'’

477 3305 523 3368 18.
856 3308 926 3389 (48)
951 3306 1197 3371 Grumenti.

777 3431 1009 3514 (Agreement
1024 3429 1077 3495 lor
1091 3454 1112 3495 a
1128 3432 1277 3516 chapel).

268 3574 331 3607 ees
353 3557 460 3606 neem.
564 3553 740 3618 Omnibus
779 3554 978 3620 videntibus
1017 3569 1050 3620 et
1087 3557 1310 3622 audientibus
1349 3559 1412 3622 has
1452 3557 1579 3634 litera5‚

477 3652 597 3717 Will’s
615 3654 739 3731 ward,
763 3655 922 3718 salutem.
972 3656 1100 3720 Sciatis
1126 3659 1219 3739 quod
1242 3658 1288 3720 ita
1308 3656 1474 3722 conuenit
1494 3656 1584 3719 inter

476 3752 675 3817 Canonicos
695 3753 737 3817 de
761 3753 879 3837 Ripon
902 3768 935 3819 et
952 3778 1007 3820 me
1027 3758 1121 3839 quod
1143 3757 1210 3840 ipsi
1227 3769 1475 3822 concesserunt
1495 3756 1582 3819 mihi

475 3852 644 3916 ethered.
670 3874 714 3917 m.
739 3854 865 3919 habere
891 3856 1059 3938 capellam
1081 3857 1175 3939 apud
1197 3857 1399 3921 Geuendale
1418 3870 1451 3920 et
1469 3856 1584 3938 capel-

476 3951 594 4014 lanum
642 3952 851 4017 seruientem
892 3955 1032 4033 ibidem,
1077 3957 1177 4020 saluo
1224 3957 1258 4019 in
1302 3957 1466 4020 omnibus
1510 3955 1583 4019 iure

477 4053 665 4136 parochiali
699 4057 765 4118 sub
798 4055 862 4119 hac
892 4056 1014 4133 forma,
1049 4058 1142 4139 quod
1174 4078 1242 4142 ego
1269 4057 1319 4120 eis
1351 4056 1581 4138 Capellanum

478 4155 685 4235 presentabo
712 4166 898 4237 antequam
926 4155 1000 4238 ipse
1025 4156 1058 4217 in
1085 4156 1216 4239 prefata
1239 4156 1373 4238 capella
1398 4154 1579 4217 ministret.

476 4251 611 4335 Jurabit
627 4254 680 4333 (as
697 4254 733 4315 z'u
749 4274 826 4317 case
840 4253 882 4335 of
889 4254 1037 4328 Huttou,
1052 4263 1089 4337 p.
1102 4272 1161 4340 37,
1176 4264 1208 4319 to
1228 4262 1249 4289 ‘⁶
1263 4254 1452 4340 colliget”).
1504 4252 1583 4337 Ego

476 4363 591 4415 autem
618 4351 823 4417 Willelmus
850 4366 883 4417 et
911 4354 1025 4418 hered.
1055 4356 1120 4418 mei
1145 4377 1223 4419 cum
1249 4355 1381 4417 familia
1406 4365 1523 4417 nostra
1548 4352 1581 4414 in

479 4449 573 4533 pred.
608 4450 719 4515 tribus
757 4452 1063 4536 solempnitatibus
1100 4456 1144 4518 ad
1185 4455 1361 4519 matricem
1401 4452 1581 4518 ecclesiam

477 4548 669 4613 veniemus·
720 4549 839 4614 Cetere
871 4574 953 4617 vero
985 4553 1195 4636 parocbiane
1231 4554 1470 4637 prenominate
1502 4552 1583 4615 ville

478 4648 512 4711 in
545 4648 613 4712 biis
644 4649 950 4732 solempnitatibus
981 4653 1122 4716 venient
1152 4654 1195 4716 ad
1228 4667 1384 4730 matrem,
1418 4653 1492 4717 scil.
1527 4652 1583 4715 die

477 4749 531 4832 (as
553 4750 590 4811 iu
611 4770 689 4813 case
710 4749 751 4833 of
765 4749 914 4824 Huttoru
935 4760 972 4834 p.
994 4751 1068 4837 38).
1142 4753 1221 4838 Ego
1246 4754 1363 4817 Will's
1384 4767 1418 4817 et
1439 4752 1583 4817 heredes
