<?xml version="1.0" encoding="UTF-8"?>
<!DOCTYPE html PUBLIC "-//W3C//DTD XHTML 1.0 Transitional//EN"
    "http://www.w3.org/TR/xhtml1/DTD/xhtml1-transitional.dtd">
<html xmlns="http://www.w3.org/1999/xhtml" xml:lang="en" lang="en">
 <head>
  <title>
</title>
<meta http-equiv="Content-Type" content="text/html;charset=utf-8" />
  <meta name='ocr-system' content='tesseract 3.04.00' />
  <meta name='ocr-capabilities' content='ocr_page ocr_carea ocr_par ocr_line ocrx_word'/>
</head>
<body>
  <div class='ocr_page' id='page_1' title='image "./memorialschurch00fowlgoog_0238.png"; bbox 0 0 3950 5625; ppageno 0'>
   <div class='ocr_carea' id='block_1_1' title="bbox 462 697 1276 763">
    <p class='ocr_par' dir='ltr' id='par_1_1' title="bbox 462 697 1276 763">
     <span class='ocr_line' id='line_1_1' title="bbox 462 697 1276 763; baseline -0.001 0"><span class='ocrx_word' id='word_1_1' title='bbox 462 715 525 763; x_wconf 85' lang='lat'><strong>202</strong></span> <span class='ocrx_word' id='word_1_2' title='bbox 744 698 822 762; x_wconf 78' lang='lat' dir='ltr'><strong>Tira</strong></span> <span class='ocrx_word' id='word_1_3' title='bbox 848 698 1005 763; x_wconf 77' lang='lat' dir='ltr'><strong>Iucnar</strong></span> <span class='ocrx_word' id='word_1_4' title='bbox 1029 697 1276 762; x_wconf 75' lang='lat' dir='ltr'><strong>Manoscruer.</strong></span> 
     </span>
    </p>
   </div>
   <div class='ocr_carea' id='block_1_2' title="bbox 260 876 1572 3046">
    <p class='ocr_par' dir='ltr' id='par_1_2' title="bbox 261 876 1572 1170">
     <span class='ocr_line' id='line_1_2' title="bbox 261 876 1571 960; baseline 0 -19"><span class='ocrx_word' id='word_1_5' title='bbox 261 894 318 942; x_wconf 84' lang='lat' dir='ltr'><strong>The</strong></span> <span class='ocrx_word' id='word_1_6' title='bbox 332 895 422 958; x_wconf 85' lang='lat' dir='ltr'><strong>chap-</strong></span> <span class='ocrx_word' id='word_1_7' title='bbox 460 876 501 939; x_wconf 92' lang='lat' dir='ltr'><strong>de</strong></span> <span class='ocrx_word' id='word_1_8' title='bbox 525 876 661 960; x_wconf 88' lang='lat' dir='ltr'><strong>Ripon’,</strong></span> <span class='ocrx_word' id='word_1_9' title='bbox 685 876 825 951; x_wconf 87' lang='lat' dir='ltr'><strong>Barker‚</strong></span> <span class='ocrx_word' id='word_1_10' title='bbox 849 883 883 940; x_wconf 92' lang='lat' dir='ltr'><strong>et</strong></span> <span class='ocrx_word' id='word_1_11' title='bbox 904 877 1064 960; x_wconf 90' lang='lat' dir='ltr'><strong>Johanne</strong></span> <span class='ocrx_word' id='word_1_12' title='bbox 1085 876 1201 940; x_wconf 90' lang='lat' dir='ltr'><strong>vxoris</strong></span> <span class='ocrx_word' id='word_1_13' title='bbox 1222 897 1292 952; x_wconf 89' lang='lat' dir='ltr'><strong>sue,</strong></span> <span class='ocrx_word' id='word_1_14' title='bbox 1315 876 1571 960; x_wconf 85' lang='lat' dir='ltr'><strong>imperpetuum</strong></span> 
     </span>
     <span class='ocr_line' id='line_1_3' title="bbox 261 961 1572 1066; baseline 0 -22"><span class='ocrx_word' id='word_1_15' title='bbox 261 961 332 1010; x_wconf 52' lang='lat'><strong>‘³³⁰⁸&#39;</strong></span> <span class='ocrx_word' id='word_1_16' title='bbox 354 962 430 1010; x_wconf 52' lang='lat'>⁰³⁸¹·</span> <span class='ocrx_word' id='word_1_17' title='bbox 459 980 658 1045; x_wconf 87' lang='lat' dir='ltr'>conceditur</span> <span class='ocrx_word' id='word_1_18' title='bbox 701 987 734 1044; x_wconf 92' lang='lat' dir='ltr'><strong>et</strong></span> <span class='ocrx_word' id='word_1_19' title='bbox 779 981 901 1044; x_wconf 82' lang='lat' dir='ltr'><strong>eciam¹</strong></span> <span class='ocrx_word' id='word_1_20' title='bbox 946 981 1149 1066; x_wconf 85' lang='lat' dir='ltr'><strong>assignatur.</strong></span> <span class='ocrx_word' id='word_1_21' title='bbox 1197 980 1252 1044; x_wconf 90' lang='lat' dir='ltr'><strong>Ad</strong></span> <span class='ocrx_word' id='word_1_22' title='bbox 1295 1001 1362 1064; x_wconf 91' lang='lat' dir='ltr'><strong>que</strong></span> <span class='ocrx_word' id='word_1_23' title='bbox 1406 981 1572 1065; x_wconf 89' lang='lat' dir='ltr'><strong>premissa</strong></span> 
     </span>
     <span class='ocr_line' id='line_1_4' title="bbox 458 1085 1568 1170; baseline 0.002 -22"><span class='ocrx_word' id='word_1_24' title='bbox 458 1085 574 1149; x_wconf 93' lang='lat' dir='ltr'><strong>omnia</strong></span> <span class='ocrx_word' id='word_1_25' title='bbox 593 1091 628 1149; x_wconf 92' lang='lat' dir='ltr'><strong>et</strong></span> <span class='ocrx_word' id='word_1_26' title='bbox 648 1085 781 1170; x_wconf 89' lang='lat' dir='ltr'><strong>singula</strong></span> <span class='ocrx_word' id='word_1_27' title='bbox 799 1086 847 1149; x_wconf 93' lang='lat' dir='ltr'><strong>sic</strong></span> <span class='ocrx_word' id='word_1_28' title='bbox 866 1091 905 1149; x_wconf 93' lang='lat' dir='ltr'><strong>vt</strong></span> <span class='ocrx_word' id='word_1_29' title='bbox 926 1086 1114 1170; x_wconf 84' lang='lat' dir='ltr'>predicitur</span> <span class='ocrx_word' id='word_1_30' title='bbox 1132 1085 1299 1161; x_wconf 83' lang='lat' dir='ltr'><strong>facienda,</strong></span> <span class='ocrx_word' id='word_1_31' title='bbox 1320 1085 1568 1169; x_wconf 89' lang='lat' dir='ltr'><strong>perimplenda,</strong></span> 
     </span>
    </p>

    <p class='ocr_par' dir='ltr' id='par_1_3' title="bbox 457 1190 1570 1587">
     <span class='ocr_line' id='line_1_5' title="bbox 458 1190 1568 1274; baseline 0.002 -22"><span class='ocrx_word' id='word_1_32' title='bbox 458 1195 492 1252; x_wconf 91' lang='lat' dir='ltr'><strong>et</strong></span> <span class='ocrx_word' id='word_1_33' title='bbox 514 1190 559 1253; x_wconf 91' lang='lat' dir='ltr'><strong>ad</strong></span> <span class='ocrx_word' id='word_1_34' title='bbox 580 1191 671 1254; x_wconf 92' lang='lat' dir='ltr'><strong>hunc</strong></span> <span class='ocrx_word' id='word_1_35' title='bbox 693 1196 847 1254; x_wconf 88' lang='lat' dir='ltr'><strong>nostram</strong></span> <span class='ocrx_word' id='word_1_36' title='bbox 869 1190 1126 1255; x_wconf 80' lang='lat' dir='ltr'>ordinacionem</span> <span class='ocrx_word' id='word_1_37' title='bbox 1147 1190 1290 1254; x_wconf 87' lang='lat' dir='ltr'><strong>firmiter</strong></span> <span class='ocrx_word' id='word_1_38' title='bbox 1312 1190 1568 1274; x_wconf 83' lang='lat' dir='ltr'><strong>imperpetuum</strong></span> 
     </span>
     <span class='ocr_line' id='line_1_6' title="bbox 458 1294 1570 1378; baseline 0.001 -22"><span class='ocrx_word' id='word_1_39' title='bbox 458 1294 719 1370; x_wconf 90' lang='lat' dir='ltr'><strong>obseruandam‚</strong></span> <span class='ocrx_word' id='word_1_40' title='bbox 745 1294 899 1377; x_wconf 80' lang='lat' dir='ltr'><strong>prelatus</strong></span> <span class='ocrx_word' id='word_1_41' title='bbox 923 1294 1000 1358; x_wconf 91' lang='lat' dir='ltr'><strong>d&#39;ns</strong></span> <span class='ocrx_word' id='word_1_42' title='bbox 1025 1294 1142 1359; x_wconf 92' lang='lat' dir='ltr'><strong>Ric&#39;us</strong></span> <span class='ocrx_word' id='word_1_43' title='bbox 1166 1294 1370 1378; x_wconf 76' lang='lat' dir='ltr'><strong>capellanus</strong></span> <span class='ocrx_word' id='word_1_44' title='bbox 1394 1315 1435 1359; x_wconf 94' lang='lat' dir='ltr'><strong>ac</strong></span> <span class='ocrx_word' id='word_1_45' title='bbox 1460 1294 1570 1359; x_wconf 84' lang='lat' dir='ltr'><strong>futuri</strong></span> 
     </span>
     <span class='ocr_line' id='line_1_7' title="bbox 457 1399 1569 1484; baseline 0 -22"><span class='ocrx_word' id='word_1_46' title='bbox 457 1419 665 1463; x_wconf 86' lang='lat' dir='ltr'><strong>successores</strong></span> <span class='ocrx_word' id='word_1_47' title='bbox 688 1399 739 1463; x_wconf 92' lang='lat' dir='ltr'><strong>sui</strong></span> <span class='ocrx_word' id='word_1_48' title='bbox 763 1399 854 1462; x_wconf 86' lang='lat' dir='ltr'><strong>dicte</strong></span> <span class='ocrx_word' id='word_1_49' title='bbox 877 1399 1030 1463; x_wconf 91' lang='lat' dir='ltr'><strong>cantarie</strong></span> <span class='ocrx_word' id='word_1_50' title='bbox 1053 1399 1220 1483; x_wconf 91' lang='lat' dir='ltr'><strong>capellani</strong></span> <span class='ocrx_word' id='word_1_51' title='bbox 1243 1419 1361 1462; x_wconf 91' lang='lat' dir='ltr'><strong>omnes</strong></span> <span class='ocrx_word' id='word_1_52' title='bbox 1384 1405 1420 1462; x_wconf 94' lang='lat' dir='ltr'><strong>et</strong></span> <span class='ocrx_word' id='word_1_53' title='bbox 1443 1399 1569 1484; x_wconf 85' lang='lat' dir='ltr'><strong>singuli</strong></span> 
     </span>
     <span class='ocr_line' id='line_1_8' title="bbox 458 1503 1569 1587; baseline 0.002 -22"><span class='ocrx_word' id='word_1_54' title='bbox 458 1503 684 1567; x_wconf 79' lang='lat' dir='ltr'><strong>incontinenti</strong></span> <span class='ocrx_word' id='word_1_55' title='bbox 704 1509 782 1586; x_wconf 92' lang='lat' dir='ltr'><strong>post</strong></span> <span class='ocrx_word' id='word_1_56' title='bbox 801 1503 953 1587; x_wconf 93' lang='lat' dir='ltr'><strong>ipsorum</strong></span> <span class='ocrx_word' id='word_1_57' title='bbox 972 1503 1174 1567; x_wconf 90' lang='lat' dir='ltr'><strong>canonicam</strong></span> <span class='ocrx_word' id='word_1_58' title='bbox 1193 1503 1432 1567; x_wconf 88' lang='lat' dir='ltr'><strong>induccionem</strong></span> <span class='ocrx_word' id='word_1_59' title='bbox 1451 1524 1569 1568; x_wconf 89' lang='lat' dir='ltr'><strong>coram</strong></span> 
     </span>
    </p>

    <p class='ocr_par' dir='ltr' id='par_1_4' title="bbox 457 1607 1571 2005">
     <span class='ocr_line' id='line_1_9' title="bbox 458 1607 1570 1693; baseline 0.002 -23"><span class='ocrx_word' id='word_1_60' title='bbox 458 1607 551 1671; x_wconf 93' lang='lat' dir='ltr'><strong>dicto</strong></span> <span class='ocrx_word' id='word_1_61' title='bbox 583 1608 735 1691; x_wconf 90' lang='lat' dir='ltr'><strong>capitulo</strong></span> <span class='ocrx_word' id='word_1_62' title='bbox 769 1607 893 1691; x_wconf 80' lang='lat' dir='ltr'><strong>Ripon&#39;</strong></span> <span class='ocrx_word' id='word_1_63' title='bbox 927 1628 987 1671; x_wconf 91' lang='lat' dir='ltr'><strong>seu</strong></span> <span class='ocrx_word' id='word_1_64' title='bbox 1021 1608 1087 1671; x_wconf 92' lang='lat' dir='ltr'><strong>alio</strong></span> <span class='ocrx_word' id='word_1_65' title='bbox 1119 1628 1337 1693; x_wconf 90' lang='lat' dir='ltr'><strong>quocumque</strong></span> <span class='ocrx_word' id='word_1_66' title='bbox 1369 1607 1570 1672; x_wconf 82' lang='lat' dir='ltr'><strong>conferente</strong></span> 
     </span>
     <span class='ocr_line' id='line_1_10' title="bbox 457 1712 1571 1796; baseline 0 -21"><span class='ocrx_word' id='word_1_67' title='bbox 457 1712 648 1776; x_wconf 90' lang='lat' dir='ltr'><strong>cantariam</strong></span> <span class='ocrx_word' id='word_1_68' title='bbox 692 1712 893 1796; x_wconf 90' lang='lat' dir='ltr'><strong>predictam,</strong></span> <span class='ocrx_word' id='word_1_69' title='bbox 939 1718 979 1776; x_wconf 92' lang='lat' dir='ltr'><strong>vt</strong></span> <span class='ocrx_word' id='word_1_70' title='bbox 1023 1713 1203 1795; x_wconf 85' lang='lat' dir='ltr'><strong>prefertur,</strong></span> <span class='ocrx_word' id='word_1_71' title='bbox 1249 1712 1294 1775; x_wconf 97' lang='lat' dir='ltr'><strong>ad</strong></span> <span class='ocrx_word' id='word_1_72' title='bbox 1338 1717 1461 1775; x_wconf 91' lang='lat' dir='ltr'><strong>sancta</strong></span> <span class='ocrx_word' id='word_1_73' title='bbox 1507 1713 1571 1776; x_wconf 92' lang='lat' dir='ltr'><strong>Dei</strong></span> 
     </span>
     <span class='ocr_line' id='line_1_11' title="bbox 458 1815 1570 1900; baseline 0.002 -22"><span class='ocrx_word' id='word_1_74' title='bbox 458 1816 646 1900; x_wconf 85' lang='lat' dir='ltr'><strong>Euangelia</strong></span> <span class='ocrx_word' id='word_1_75' title='bbox 671 1836 731 1900; x_wconf 89' lang='lat' dir='ltr'><strong>per</strong></span> <span class='ocrx_word' id='word_1_76' title='bbox 756 1817 847 1899; x_wconf 93' lang='lat' dir='ltr'><strong>ipsos</strong></span> <span class='ocrx_word' id='word_1_77' title='bbox 872 1816 1067 1899; x_wconf 81' lang='lat' dir='ltr'><strong>capellanos</strong></span> <span class='ocrx_word' id='word_1_78' title='bbox 1092 1822 1127 1879; x_wconf 92' lang='lat' dir='ltr'><strong>et</strong></span> <span class='ocrx_word' id='word_1_79' title='bbox 1157 1815 1346 1900; x_wconf 91' lang='lat' dir='ltr'><strong>quemlibet</strong></span> <span class='ocrx_word' id='word_1_80' title='bbox 1380 1815 1570 1880; x_wconf 90' lang='lat' dir='ltr'><strong>eorundem</strong></span> 
     </span>
     <span class='ocr_line' id='line_1_12' title="bbox 457 1919 1569 2005; baseline 0 -21"><span class='ocrx_word' id='word_1_81' title='bbox 457 1919 678 2004; x_wconf 86' lang='lat' dir='ltr'><strong>corporaliter</strong></span> <span class='ocrx_word' id='word_1_82' title='bbox 705 1926 800 1984; x_wconf 90' lang='lat' dir='ltr'><strong>tacta</strong></span> <span class='ocrx_word' id='word_1_83' title='bbox 828 1920 996 2003; x_wconf 89' lang='lat' dir='ltr'><strong>prestabit</strong></span> <span class='ocrx_word' id='word_1_84' title='bbox 1024 1926 1059 1984; x_wconf 91' lang='lat' dir='ltr'><strong>et</strong></span> <span class='ocrx_word' id='word_1_85' title='bbox 1087 1921 1293 2005; x_wconf 92' lang='lat' dir='ltr'><strong>prestabunt</strong></span> <span class='ocrx_word' id='word_1_86' title='bbox 1321 1920 1569 1996; x_wconf 91' lang='lat' dir='ltr'><strong>iuramentum,</strong></span> 
     </span>
    </p>

    <p class='ocr_par' dir='ltr' id='par_1_5' title="bbox 457 2023 1571 2317">
     <span class='ocr_line' id='line_1_13' title="bbox 457 2023 1571 2109; baseline 0.001 -21"><span class='ocrx_word' id='word_1_87' title='bbox 457 2024 609 2109; x_wconf 91' lang='lat' dir='ltr'><strong>alioquin</strong></span> <span class='ocrx_word' id='word_1_88' title='bbox 625 2025 765 2088; x_wconf 93' lang='lat' dir='ltr'><strong>collacio</strong></span> <span class='ocrx_word' id='word_1_89' title='bbox 782 2031 816 2088; x_wconf 91' lang='lat' dir='ltr'><strong>et</strong></span> <span class='ocrx_word' id='word_1_90' title='bbox 832 2025 990 2089; x_wconf 93' lang='lat' dir='ltr'><strong>induccio</strong></span> <span class='ocrx_word' id='word_1_91' title='bbox 1006 2025 1112 2108; x_wconf 88' lang='lat' dir='ltr'><strong>ipsius</strong></span> <span class='ocrx_word' id='word_1_92' title='bbox 1131 2023 1297 2108; x_wconf 86' lang='lat' dir='ltr'><strong>capellani</strong></span> <span class='ocrx_word' id='word_1_93' title='bbox 1318 2023 1353 2088; x_wconf 93' lang='lat' dir='ltr'><strong>in</strong></span> <span class='ocrx_word' id='word_1_94' title='bbox 1375 2025 1571 2089; x_wconf 89' lang='lat' dir='ltr'><strong>cantariam</strong></span> 
     </span>
     <span class='ocr_line' id='line_1_14' title="bbox 457 2128 1570 2215; baseline 0.001 -23"><span class='ocrx_word' id='word_1_95' title='bbox 457 2129 647 2213; x_wconf 91' lang='lat' dir='ltr'><strong>predictam</strong></span> <span class='ocrx_word' id='word_1_96' title='bbox 685 2129 737 2215; x_wconf 88' lang='lat'><strong>(72</strong></span> <span class='ocrx_word' id='word_1_97' title='bbox 751 2131 797 2211; x_wconf 87' lang='lat' dir='ltr'><strong>v.)</strong></span> <span class='ocrx_word' id='word_1_98' title='bbox 836 2129 894 2212; x_wconf 94' lang='lat' dir='ltr'><strong>qui</strong></span> <span class='ocrx_word' id='word_1_99' title='bbox 929 2129 964 2193; x_wconf 94' lang='lat' dir='ltr'><strong>in</strong></span> <span class='ocrx_word' id='word_1_100' title='bbox 999 2129 1109 2193; x_wconf 83' lang='lat' dir='ltr'><strong>forma</strong></span> <span class='ocrx_word' id='word_1_101' title='bbox 1143 2128 1298 2212; x_wconf 92' lang='lat' dir='ltr'><strong>predicta</strong></span> <span class='ocrx_word' id='word_1_102' title='bbox 1332 2129 1570 2194; x_wconf 91' lang='lat' dir='ltr'><strong>iuramentum</strong></span> 
     </span>
     <span class='ocr_line' id='line_1_15' title="bbox 457 2232 1569 2317; baseline 0.002 -21"><span class='ocrx_word' id='word_1_103' title='bbox 457 2233 652 2297; x_wconf 89' lang='lat' dir='ltr'><strong>huiusmodi</strong></span> <span class='ocrx_word' id='word_1_104' title='bbox 672 2254 741 2297; x_wconf 92' lang='lat' dir='ltr'><strong>non</strong></span> <span class='ocrx_word' id='word_1_105' title='bbox 760 2233 948 2317; x_wconf 89' lang='lat' dir='ltr'><strong>prestiterit</strong></span> <span class='ocrx_word' id='word_1_106' title='bbox 967 2233 1062 2297; x_wconf 92' lang='lat' dir='ltr'><strong>omni</strong></span> <span class='ocrx_word' id='word_1_107' title='bbox 1080 2238 1220 2296; x_wconf 90' lang='lat' dir='ltr'><strong>careant</strong></span> <span class='ocrx_word' id='word_1_108' title='bbox 1239 2232 1355 2316; x_wconf 85' lang='lat' dir='ltr'><strong>vigore</strong></span> <span class='ocrx_word' id='word_1_109' title='bbox 1374 2238 1409 2295; x_wconf 91' lang='lat' dir='ltr'><strong>et</strong></span> <span class='ocrx_word' id='word_1_110' title='bbox 1429 2233 1569 2309; x_wconf 86' lang='lat' dir='ltr'><strong>effectu,</strong></span> 
     </span>
    </p>

    <p class='ocr_par' dir='ltr' id='par_1_6' title="bbox 260 2334 1570 3046">
     <span class='ocr_line' id='line_1_16' title="bbox 261 2334 1569 2449; baseline 0.002 -49"><span class='ocrx_word' id='word_1_111' title='bbox 261 2335 326 2449; x_wconf 47' lang='lat' dir='ltr'><strong>Ch?</strong></span> <span class='ocrx_word' id='word_1_112' title='bbox 339 2334 423 2448; x_wconf 42' lang='lat'>{¹¹01</span> <span class='ocrx_word' id='word_1_113' title='bbox 457 2359 496 2401; x_wconf 90' lang='lat' dir='ltr'><strong>ac</strong></span> <span class='ocrx_word' id='word_1_114' title='bbox 522 2357 584 2421; x_wconf 93' lang='lat' dir='ltr'><strong>pro</strong></span> <span class='ocrx_word' id='word_1_115' title='bbox 609 2358 678 2401; x_wconf 94' lang='lat' dir='ltr'><strong>non</strong></span> <span class='ocrx_word' id='word_1_116' title='bbox 705 2336 901 2420; x_wconf 89' lang='lat' dir='ltr'><strong>capellanus</strong></span> <span class='ocrx_word' id='word_1_117' title='bbox 927 2336 1018 2401; x_wconf 90' lang='lat' dir='ltr'><strong>dicte</strong></span> <span class='ocrx_word' id='word_1_118' title='bbox 1044 2337 1196 2400; x_wconf 88' lang='lat' dir='ltr'><strong>cantarie</strong></span> <span class='ocrx_word' id='word_1_119' title='bbox 1221 2336 1359 2420; x_wconf 92' lang='lat' dir='ltr'><strong>penitus</strong></span> <span class='ocrx_word' id='word_1_120' title='bbox 1385 2337 1569 2402; x_wconf 91' lang='lat' dir='ltr'><strong>habeatur.</strong></span> 
     </span>
     <span class='ocr_line' id='line_1_17' title="bbox 261 2415 1569 2531; baseline 0.001 -26"><span class='ocrx_word' id='word_1_121' title='bbox 261 2415 430 2531; x_wconf 52' lang='lat' dir='ltr'><strong>ijg&#39;negv‘ir</strong></span> <span class='ocrx_word' id='word_1_122' title='bbox 457 2441 623 2506; x_wconf 90' lang='lat' dir='ltr'><strong>Volumus</strong></span> <span class='ocrx_word' id='word_1_123' title='bbox 641 2462 680 2504; x_wconf 92' lang='lat' dir='ltr'><strong>ac</strong></span> <span class='ocrx_word' id='word_1_124' title='bbox 697 2441 805 2504; x_wconf 89' lang='lat' dir='ltr'><strong>eciam</strong></span> <span class='ocrx_word' id='word_1_125' title='bbox 822 2441 1021 2505; x_wconf 90' lang='lat' dir='ltr'><strong>ordinamus</strong></span> <span class='ocrx_word' id='word_1_126' title='bbox 1038 2441 1066 2504; x_wconf 91' lang='lat' dir='ltr'><strong>si</strong></span> <span class='ocrx_word' id='word_1_127' title='bbox 1084 2440 1155 2504; x_wconf 88' lang='lat' dir='ltr'><strong>d&#39;ni</strong></span> <span class='ocrx_word' id='word_1_128' title='bbox 1171 2440 1325 2504; x_wconf 91' lang='lat' dir='ltr'><strong>canonici</strong></span> <span class='ocrx_word' id='word_1_129' title='bbox 1343 2441 1422 2505; x_wconf 92' lang='lat' dir='ltr'><strong>eccl.</strong></span> <span class='ocrx_word' id='word_1_130' title='bbox 1442 2440 1569 2527; x_wconf 87' lang='lat' dir='ltr'><strong>Colleg.</strong></span> 
     </span>
     <span class='ocr_line' id='line_1_18' title="bbox 261 2534 1568 2663; baseline 0 -54"><span class='ocrx_word' id='word_1_131' title='bbox 261 2534 442 2663; x_wconf 44' lang='lat' dir='ltr'><strong>fflgegghft</strong></span> <span class='ocrx_word' id='word_1_132' title='bbox 458 2545 583 2629; x_wconf 86' lang='lat' dir='ltr'><strong>Ripon’</strong></span> <span class='ocrx_word' id='word_1_133' title='bbox 611 2546 667 2609; x_wconf 93' lang='lat' dir='ltr'><strong>vel</strong></span> <span class='ocrx_word' id='word_1_134' title='bbox 693 2546 745 2609; x_wconf 92' lang='lat' dir='ltr'><strong>sui</strong></span> <span class='ocrx_word' id='word_1_135' title='bbox 771 2565 980 2609; x_wconf 87' lang='lat' dir='ltr'><strong>successores</strong></span> <span class='ocrx_word' id='word_1_136' title='bbox 1007 2545 1161 2609; x_wconf 92' lang='lat' dir='ltr'><strong>canonici</strong></span> <span class='ocrx_word' id='word_1_137' title='bbox 1189 2544 1314 2610; x_wconf 86' lang='lat' dir='ltr'><strong>futuris</strong></span> <span class='ocrx_word' id='word_1_138' title='bbox 1341 2546 1568 2628; x_wconf 68' lang='lat' dir='ltr'><strong>temporibus</strong></span> 
     </span>
     <span class='ocr_line' id='line_1_19' title="bbox 260 2648 1570 2734; baseline -0.002 -18"><span class='ocrx_word' id='word_1_139' title='bbox 260 2667 282 2716; x_wconf 83' lang='lat' dir='ltr'><strong>is</strong></span> <span class='ocrx_word' id='word_1_140' title='bbox 296 2671 327 2716; x_wconf 82' lang='lat' dir='ltr'><strong>to</strong></span> <span class='ocrx_word' id='word_1_141' title='bbox 339 2682 374 2730; x_wconf 83' lang='lat' dir='ltr'><strong>go</strong></span> <span class='ocrx_word' id='word_1_142' title='bbox 388 2671 418 2716; x_wconf 85' lang='lat' dir='ltr'><strong>to</strong></span> <span class='ocrx_word' id='word_1_143' title='bbox 456 2649 550 2734; x_wconf 92' lang='lat' dir='ltr'><strong>quod</strong></span> <span class='ocrx_word' id='word_1_144' title='bbox 568 2650 669 2725; x_wconf 89' lang='lat' dir='ltr'><strong>absit,</strong></span> <span class='ocrx_word' id='word_1_145' title='bbox 689 2650 838 2713; x_wconf 85' lang='lat' dir='ltr'><strong>alienent</strong></span> <span class='ocrx_word' id='word_1_146' title='bbox 855 2649 910 2713; x_wconf 92' lang='lat' dir='ltr'><strong>vel</strong></span> <span class='ocrx_word' id='word_1_147' title='bbox 928 2649 1067 2713; x_wconf 91' lang='lat' dir='ltr'><strong>alienari</strong></span> <span class='ocrx_word' id='word_1_148' title='bbox 1085 2648 1215 2713; x_wconf 89' lang='lat' dir='ltr'><strong>faciant</strong></span> <span class='ocrx_word' id='word_1_149' title='bbox 1232 2654 1458 2732; x_wconf 90' lang='lat' dir='ltr'><strong>patronatum</strong></span> <span class='ocrx_word' id='word_1_150' title='bbox 1477 2650 1570 2714; x_wconf 91' lang='lat' dir='ltr'><strong>dicte</strong></span> 
     </span>
     <span class='ocr_line' id='line_1_20' title="bbox 296 2734 1567 2838; baseline 0 -19"><span class='ocrx_word' id='word_1_151' title='bbox 296 2734 380 2783; x_wconf 56' lang='grc' dir='ltr'><strong>Μ·</strong></span> <span class='ocrx_word' id='word_1_152' title='bbox 456 2754 609 2819; x_wconf 89' lang='lat' dir='ltr'><strong>cantarie</strong></span> <span class='ocrx_word' id='word_1_153' title='bbox 651 2753 745 2838; x_wconf 93' lang='lat' dir='ltr'><strong>quod</strong></span> <span class='ocrx_word' id='word_1_154' title='bbox 787 2774 828 2817; x_wconf 89' lang='lat' dir='ltr'><strong>ex</strong></span> <span class='ocrx_word' id='word_1_155' title='bbox 871 2759 955 2818; x_wconf 93' lang='lat' dir='ltr'><strong>tunc</strong></span> <span class='ocrx_word' id='word_1_156' title='bbox 997 2753 1090 2817; x_wconf 87' lang='lat' dir='ltr'><strong>liciat</strong></span> <span class='ocrx_word' id='word_1_157' title='bbox 1133 2753 1221 2818; x_wconf 88' lang='lat' dir='ltr'><strong>d&#39;nis</strong></span> <span class='ocrx_word' id='word_1_158' title='bbox 1263 2752 1443 2818; x_wconf 85' lang='lat' dir='ltr'><strong>Canonicis</strong></span> <span class='ocrx_word' id='word_1_159' title='bbox 1486 2754 1567 2820; x_wconf 92' lang='lat' dir='ltr'><strong>eccl.</strong></span> 
     </span>
     <span class='ocr_line' id='line_1_21' title="bbox 456 2858 1569 2942; baseline 0.001 -19"><span class='ocrx_word' id='word_1_160' title='bbox 456 2858 669 2923; x_wconf 85' lang='lat' dir='ltr'><strong>Cathedralis</strong></span> <span class='ocrx_word' id='word_1_161' title='bbox 706 2859 809 2923; x_wconf 91' lang='lat' dir='ltr'><strong>Ebor.</strong></span> <span class='ocrx_word' id='word_1_162' title='bbox 848 2858 996 2942; x_wconf 85' lang='lat' dir='ltr'><strong>gaudere</strong></span> <span class='ocrx_word' id='word_1_163' title='bbox 1034 2858 1098 2922; x_wconf 90' lang='lat' dir='ltr'><strong>sibi</strong></span> <span class='ocrx_word' id='word_1_164' title='bbox 1136 2864 1170 2921; x_wconf 92' lang='lat' dir='ltr'><strong>et</strong></span> <span class='ocrx_word' id='word_1_165' title='bbox 1208 2858 1277 2922; x_wconf 90' lang='lat' dir='ltr'><strong>suis</strong></span> <span class='ocrx_word' id='word_1_166' title='bbox 1314 2859 1569 2924; x_wconf 91' lang='lat' dir='ltr'><strong>successoribus</strong></span> 
     </span>
     <span class='ocr_line' id='line_1_22' title="bbox 456 2962 1569 3046; baseline 0.001 -19"><span class='ocrx_word' id='word_1_167' title='bbox 456 2962 627 3027; x_wconf 90' lang='lat' dir='ltr'><strong>canonicis</strong></span> <span class='ocrx_word' id='word_1_168' title='bbox 660 2963 914 3046; x_wconf 85' lang='lat' dir='ltr'><strong>imperpetuum</strong></span> <span class='ocrx_word' id='word_1_169' title='bbox 947 2968 1136 3045; x_wconf 88' lang='lat' dir='ltr'><strong>patronatu</strong></span> <span class='ocrx_word' id='word_1_170' title='bbox 1169 2962 1260 3025; x_wconf 92' lang='lat' dir='ltr'><strong>dicte</strong></span> <span class='ocrx_word' id='word_1_171' title='bbox 1294 2962 1454 3027; x_wconf 90' lang='lat' dir='ltr'><strong>Cantarie</strong></span> <span class='ocrx_word' id='word_1_172' title='bbox 1488 2984 1569 3028; x_wconf 90' lang='lat' dir='ltr'><strong>cum</strong></span> 
     </span>
    </p>
   </div>
   <div class='ocr_carea' id='block_1_3' title="bbox 457 3066 1569 3150">
    <p class='ocr_par' dir='ltr' id='par_1_7' title="bbox 457 3066 1569 3150">
     <span class='ocr_line' id='line_1_23' title="bbox 457 3066 1569 3150; baseline 0.002 -21"><span class='ocrx_word' id='word_1_173' title='bbox 457 3067 526 3131; x_wconf 90' lang='lat' dir='ltr'><strong>suis</strong></span> <span class='ocrx_word' id='word_1_174' title='bbox 555 3066 684 3132; x_wconf 90' lang='lat' dir='ltr'><strong>iuribus</strong></span> <span class='ocrx_word' id='word_1_175' title='bbox 712 3073 746 3130; x_wconf 94' lang='lat' dir='ltr'><strong>et</strong></span> <span class='ocrx_word' id='word_1_176' title='bbox 774 3066 995 3150; x_wconf 86' lang='lat' dir='ltr'><strong>pertinencijs</strong></span> <span class='ocrx_word' id='word_1_177' title='bbox 1022 3066 1200 3141; x_wconf 90' lang='lat' dir='ltr'><strong>vniuersis‚</strong></span> <span class='ocrx_word' id='word_1_178' title='bbox 1229 3066 1418 3131; x_wconf 90' lang='lat' dir='ltr'><strong>secundum</strong></span> <span class='ocrx_word' id='word_1_179' title='bbox 1445 3068 1569 3132; x_wconf 91' lang='lat' dir='ltr'><strong>seriem</strong></span> 
     </span>
    </p>
   </div>
   <div class='ocr_carea' id='block_1_4' title="bbox 457 3170 1656 3236">
    <p class='ocr_par' dir='ltr' id='par_1_8' title="bbox 457 3170 1656 3236">
     <span class='ocr_line' id='line_1_24' title="bbox 457 3170 1656 3236; baseline 0.002 -2"><span class='ocrx_word' id='word_1_180' title='bbox 457 3177 491 3234; x_wconf 92' lang='lat' dir='ltr'><strong>et</strong></span> <span class='ocrx_word' id='word_1_181' title='bbox 525 3178 679 3235; x_wconf 91' lang='lat' dir='ltr'><strong>tenorem</strong></span> <span class='ocrx_word' id='word_1_182' title='bbox 713 3192 753 3234; x_wconf 94' lang='lat' dir='ltr'><strong>ac</strong></span> <span class='ocrx_word' id='word_1_183' title='bbox 787 3171 934 3234; x_wconf 87' lang='lat' dir='ltr'><strong>formam</strong></span> <span class='ocrx_word' id='word_1_184' title='bbox 967 3177 1084 3235; x_wconf 91' lang='lat' dir='ltr'><strong>nostre</strong></span> <span class='ocrx_word' id='word_1_185' title='bbox 1117 3170 1345 3235; x_wconf 89' lang='lat' dir='ltr'><strong>ordinacionis</strong></span> <span class='ocrx_word' id='word_1_186' title='bbox 1379 3171 1566 3236; x_wconf 89' lang='lat' dir='ltr'><strong>antedicte.</strong></span> <span class='ocrx_word' id='word_1_187' title='bbox 1654 3191 1656 3196; x_wconf 78' lang='grc'>’</span> 
     </span>
    </p>
   </div>
   <div class='ocr_carea' id='block_1_5' title="bbox 261 3274 1569 3467">
    <p class='ocr_par' dir='ltr' id='par_1_9' title="bbox 261 3274 1569 3467">
     <span class='ocr_line' id='line_1_25' title="bbox 261 3274 1569 3361; baseline -0.008 -11"><span class='ocrx_word' id='word_1_188' title='bbox 261 3285 330 3361; x_wconf 68' lang='lat' dir='ltr'><strong>nn</strong></span> <span class='ocrx_word' id='word_1_189' title='bbox 345 3284 441 3360; x_wconf 33' lang='lat' dir='ltr'><strong>&#39;Chap-</strong></span> <span class='ocrx_word' id='word_1_190' title='bbox 457 3275 624 3340; x_wconf 90' lang='lat' dir='ltr'><strong>Volumus</strong></span> <span class='ocrx_word' id='word_1_191' title='bbox 637 3276 744 3340; x_wconf 92' lang='lat' dir='ltr'><strong>eciam</strong></span> <span class='ocrx_word' id='word_1_192' title='bbox 757 3276 851 3359; x_wconf 93' lang='lat' dir='ltr'><strong>quod</strong></span> <span class='ocrx_word' id='word_1_193' title='bbox 864 3276 891 3339; x_wconf 91' lang='lat' dir='ltr'><strong>si</strong></span> <span class='ocrx_word' id='word_1_194' title='bbox 904 3274 1101 3359; x_wconf 91' lang='lat' dir='ltr'><strong>capellanus</strong></span> <span class='ocrx_word' id='word_1_195' title='bbox 1114 3275 1288 3359; x_wconf 91' lang='lat' dir='ltr'><strong>predictus</strong></span> <span class='ocrx_word' id='word_1_196' title='bbox 1301 3296 1322 3338; x_wconf 91' lang='lat' dir='ltr'><strong>a</strong></span> <span class='ocrx_word' id='word_1_197' title='bbox 1334 3274 1569 3340; x_wconf 89' lang='lat' dir='ltr'><strong>celebracione</strong></span> 
     </span>
     <span class='ocr_line' id='line_1_26' title="bbox 261 3351 1568 3467; baseline -0.002 -20"><span class='ocrx_word' id='word_1_198' title='bbox 261 3351 433 3467; x_wconf 52' lang='lat' dir='ltr'><strong>fflffillssny</strong></span> <span class='ocrx_word' id='word_1_199' title='bbox 457 3379 653 3444; x_wconf 92' lang='lat' dir='ltr'><strong>diuinorum</strong></span> <span class='ocrx_word' id='word_1_200' title='bbox 690 3380 724 3444; x_wconf 94' lang='lat' dir='ltr'><strong>in</strong></span> <span class='ocrx_word' id='word_1_201' title='bbox 761 3380 842 3443; x_wconf 90' lang='lat' dir='ltr'><strong>locis</strong></span> <span class='ocrx_word' id='word_1_202' title='bbox 879 3379 1063 3444; x_wconf 88' lang='lat' dir='ltr'><strong>antedictis</strong></span> <span class='ocrx_word' id='word_1_203' title='bbox 1099 3386 1133 3443; x_wconf 95' lang='lat' dir='ltr'><strong>et</strong></span> <span class='ocrx_word' id='word_1_204' title='bbox 1171 3380 1413 3443; x_wconf 90' lang='lat' dir='ltr'><strong>obseruacione</strong></span> <span class='ocrx_word' id='word_1_205' title='bbox 1451 3387 1568 3445; x_wconf 90' lang='lat' dir='ltr'><strong>nostre</strong></span> 
     </span>
    </p>
   </div>
   <div class='ocr_carea' id='block_1_6' title="bbox 261 3484 1567 3681">
    <p class='ocr_par' dir='ltr' id='par_1_10' title="bbox 261 3484 1567 3681">
     <span class='ocr_line' id='line_1_27' title="bbox 261 3484 1567 3567; baseline -0.002 -18"><span class='ocrx_word' id='word_1_206' title='bbox 261 3485 341 3560; x_wconf 56' lang='lat' dir='ltr'><strong>“eud</strong></span> <span class='ocrx_word' id='word_1_207' title='bbox 357 3488 387 3533; x_wconf 81' lang='lat' dir='ltr'><strong>to</strong></span> <span class='ocrx_word' id='word_1_208' title='bbox 401 3484 442 3532; x_wconf 82' lang='lat' dir='ltr'><strong>his</strong></span> <span class='ocrx_word' id='word_1_209' title='bbox 457 3484 684 3549; x_wconf 89' lang='lat' dir='ltr'><strong>ordinacionis</strong></span> <span class='ocrx_word' id='word_1_210' title='bbox 735 3484 909 3548; x_wconf 92' lang='lat' dir='ltr'><strong>antedicte</strong></span> <span class='ocrx_word' id='word_1_211' title='bbox 959 3504 1020 3567; x_wconf 93' lang='lat' dir='ltr'><strong>per</strong></span> <span class='ocrx_word' id='word_1_212' title='bbox 1069 3484 1282 3567; x_wconf 90' lang='lat' dir='ltr'><strong>quarterium</strong></span> <span class='ocrx_word' id='word_1_213' title='bbox 1332 3484 1434 3548; x_wconf 93' lang='lat' dir='ltr'><strong>vnius</strong></span> <span class='ocrx_word' id='word_1_214' title='bbox 1485 3485 1567 3549; x_wconf 93' lang='lat' dir='ltr'><strong>anni</strong></span> 
     </span>
     <span class='ocr_line' id='line_1_28' title="bbox 261 3551 1567 3681; baseline 0.001 -29"><span class='ocrx_word' id='word_1_215' title='bbox 261 3551 434 3681; x_wconf 53' lang='lat' dir='ltr'><strong>lipatpqqrtqrfq</strong></span> <span class='ocrx_word' id='word_1_216' title='bbox 457 3589 650 3653; x_wconf 90' lang='lat' dir='ltr'><strong>voluntarie</strong></span> <span class='ocrx_word' id='word_1_217' title='bbox 678 3594 712 3651; x_wconf 92' lang='lat' dir='ltr'><strong>et</strong></span> <span class='ocrx_word' id='word_1_218' title='bbox 741 3589 871 3672; x_wconf 92' lang='lat' dir='ltr'><strong>absque</strong></span> <span class='ocrx_word' id='word_1_219' title='bbox 894 3609 1000 3653; x_wconf 89' lang='lat' dir='ltr'><strong>causa</strong></span> <span class='ocrx_word' id='word_1_220' title='bbox 1026 3588 1182 3672; x_wconf 86' lang='lat' dir='ltr'><strong>legitima</strong></span> <span class='ocrx_word' id='word_1_221' title='bbox 1209 3609 1244 3651; x_wconf 89' lang='lat' dir='ltr'><strong>se</strong></span> <span class='ocrx_word' id='word_1_222' title='bbox 1272 3588 1479 3652; x_wconf 90' lang='lat' dir='ltr'><strong>abstinuerit</strong></span> <span class='ocrx_word' id='word_1_223' title='bbox 1507 3610 1567 3654; x_wconf 93' lang='lat' dir='ltr'><strong>seu</strong></span> 
     </span>
    </p>
   </div>
   <div class='ocr_carea' id='block_1_7' title="bbox 261 3684 1566 3815">
    <p class='ocr_par' dir='ltr' id='par_1_11' title="bbox 261 3684 1566 3815">
     <span class='ocr_line' id='line_1_29' title="bbox 261 3684 1566 3815; baseline 0.005 -64"><span class='ocrx_word' id='word_1_224' title='bbox 261 3684 442 3815; x_wconf 43' lang='grc' dir='ltr'><strong>ξέῐεὲίἧζέθ</strong></span> <span class='ocrx_word' id='word_1_225' title='bbox 457 3693 621 3777; x_wconf 91' lang='lat' dir='ltr'><strong>premissa</strong></span> <span class='ocrx_word' id='word_1_226' title='bbox 639 3714 707 3756; x_wconf 92' lang='lat' dir='ltr'><strong>non</strong></span> <span class='ocrx_word' id='word_1_227' title='bbox 726 3693 991 3776; x_wconf 90' lang='lat' dir='ltr'><strong>perimpleuerit‚</strong></span> <span class='ocrx_word' id='word_1_228' title='bbox 1010 3692 1278 3776; x_wconf 89' lang='lat' dir='ltr'><strong>supportauerit,</strong></span> <span class='ocrx_word' id='word_1_229' title='bbox 1297 3698 1358 3757; x_wconf 90' lang='lat' dir='ltr'><strong>aut</strong></span> <span class='ocrx_word' id='word_1_230' title='bbox 1376 3693 1566 3757; x_wconf 90' lang='lat' dir='ltr'><strong>seruauerit</strong></span> 
     </span>
    </p>
   </div>
   <div class='ocr_carea' id='block_1_8' title="bbox 261 3796 1566 3881">
    <p class='ocr_par' dir='ltr' id='par_1_12' title="bbox 261 3796 1566 3881">
     <span class='ocr_line' id='line_1_30' title="bbox 261 3796 1566 3881; baseline -0.005 -14"><span class='ocrx_word' id='word_1_231' title='bbox 261 3818 301 3866; x_wconf 69' lang='lat' dir='ltr'><strong>,nd</strong></span> <span class='ocrx_word' id='word_1_232' title='bbox 317 3818 435 3867; x_wconf 81' lang='lat' dir='ltr'><strong>another</strong></span> <span class='ocrx_word' id='word_1_233' title='bbox 456 3804 559 3881; x_wconf 91' lang='lat' dir='ltr'><strong>prout</strong></span> <span class='ocrx_word' id='word_1_234' title='bbox 581 3797 735 3880; x_wconf 90' lang='lat' dir='ltr'><strong>superius</strong></span> <span class='ocrx_word' id='word_1_235' title='bbox 756 3797 955 3860; x_wconf 90' lang='lat' dir='ltr'><strong>ordinatum</strong></span> <span class='ocrx_word' id='word_1_236' title='bbox 976 3802 1038 3872; x_wconf 88' lang='lat' dir='ltr'><strong>est,</strong></span> <span class='ocrx_word' id='word_1_237' title='bbox 1060 3796 1155 3880; x_wconf 91' lang='lat' dir='ltr'><strong>quod</strong></span> <span class='ocrx_word' id='word_1_238' title='bbox 1175 3817 1218 3859; x_wconf 86' lang='lat' dir='ltr'><strong>ex</strong></span> <span class='ocrx_word' id='word_1_239' title='bbox 1239 3802 1333 3871; x_wconf 93' lang='lat' dir='ltr'><strong>tunc,</strong></span> <span class='ocrx_word' id='word_1_240' title='bbox 1356 3796 1447 3860; x_wconf 93' lang='lat' dir='ltr'><strong>omni</strong></span> <span class='ocrx_word' id='word_1_241' title='bbox 1471 3796 1566 3880; x_wconf 90' lang='lat' dir='ltr'><strong>Juris</strong></span> 
     </span>
    </p>
   </div>
   <div class='ocr_carea' id='block_1_9' title="bbox 261 3884 1653 4609">
    <p class='ocr_par' dir='ltr' id='par_1_13' title="bbox 261 3884 1653 4609">
     <span class='ocr_line' id='line_1_31' title="bbox 261 3884 1567 3985; baseline 0 -20"><span class='ocrx_word' id='word_1_242' title='bbox 261 3884 419 3948; x_wconf 76' lang='lat' dir='ltr'><strong>appointed.</strong></span> <span class='ocrx_word' id='word_1_243' title='bbox 456 3902 698 3984; x_wconf 90' lang='lat' dir='ltr'><strong>solempnitate</strong></span> <span class='ocrx_word' id='word_1_244' title='bbox 726 3901 851 3965; x_wconf 91' lang='lat' dir='ltr'><strong>omissa</strong></span> <span class='ocrx_word' id='word_1_245' title='bbox 879 3922 919 3964; x_wconf 94' lang='lat' dir='ltr'><strong>ac</strong></span> <span class='ocrx_word' id='word_1_246' title='bbox 944 3900 1016 3964; x_wconf 90' lang='lat' dir='ltr'><strong>sola</strong></span> <span class='ocrx_word' id='word_1_247' title='bbox 1041 3901 1124 3964; x_wconf 79' lang='lat' dir='ltr'><strong>facti</strong></span> <span class='ocrx_word' id='word_1_248' title='bbox 1149 3900 1289 3964; x_wconf 86' lang='lat' dir='ltr'><strong>viritate</strong></span> <span class='ocrx_word' id='word_1_249' title='bbox 1316 3901 1479 3985; x_wconf 85' lang='lat' dir='ltr'><strong>cognita²</strong></span> <span class='ocrx_word' id='word_1_250' title='bbox 1506 3921 1567 3985; x_wconf 93' lang='lat' dir='ltr'><strong>per</strong></span> 
     </span>
     <span class='ocr_line' id='line_1_32' title="bbox 456 4004 1566 4090; baseline -0.001 -20"><span class='ocrx_word' id='word_1_251' title='bbox 456 4005 647 4090; x_wconf 90' lang='lat' dir='ltr'><strong>capitulum</strong></span> <span class='ocrx_word' id='word_1_252' title='bbox 669 4005 793 4088; x_wconf 91' lang='lat' dir='ltr'><strong>Ripon’</strong></span> <span class='ocrx_word' id='word_1_253' title='bbox 815 4005 1009 4089; x_wconf 91' lang='lat' dir='ltr'><strong>predictum</strong></span> <span class='ocrx_word' id='word_1_254' title='bbox 1029 4012 1062 4068; x_wconf 94' lang='lat' dir='ltr'><strong>et</strong></span> <span class='ocrx_word' id='word_1_255' title='bbox 1084 4005 1206 4068; x_wconf 86' lang='lat' dir='ltr'><strong>fratres</strong></span> <span class='ocrx_word' id='word_1_256' title='bbox 1225 4004 1317 4068; x_wconf 93' lang='lat' dir='ltr'><strong>dicte</strong></span> <span class='ocrx_word' id='word_1_257' title='bbox 1337 4004 1566 4070; x_wconf 84' lang='lat' dir='ltr'><strong>fraternitatis</strong></span> 
     </span>
     <span class='ocr_line' id='line_1_33' title="bbox 457 4107 1566 4193; baseline -0.002 -18"><span class='ocrx_word' id='word_1_258' title='bbox 457 4116 518 4175; x_wconf 90' lang='lat' dir='ltr'><strong>aut</strong></span> <span class='ocrx_word' id='word_1_259' title='bbox 541 4130 681 4174; x_wconf 90' lang='lat' dir='ltr'><strong>suorum</strong></span> <span class='ocrx_word' id='word_1_260' title='bbox 705 4109 952 4193; x_wconf 88' lang='lat' dir='ltr'><strong>deputatorum</strong></span> <span class='ocrx_word' id='word_1_261' title='bbox 976 4110 1010 4173; x_wconf 94' lang='lat' dir='ltr'><strong>in</strong></span> <span class='ocrx_word' id='word_1_262' title='bbox 1035 4110 1099 4172; x_wconf 95' lang='lat' dir='ltr'><strong>hoc</strong></span> <span class='ocrx_word' id='word_1_263' title='bbox 1122 4130 1203 4172; x_wconf 93' lang='lat' dir='ltr'><strong>casu</strong></span> <span class='ocrx_word' id='word_1_264' title='bbox 1227 4109 1269 4172; x_wconf 92' lang='lat' dir='ltr'><strong>de</strong></span> <span class='ocrx_word' id='word_1_265' title='bbox 1293 4107 1387 4172; x_wconf 91' lang='lat' dir='ltr'><strong>dicta</strong></span> <span class='ocrx_word' id='word_1_266' title='bbox 1409 4109 1566 4174; x_wconf 89' lang='lat' dir='ltr'><strong>cantaria</strong></span> 
     </span>
     <span class='ocr_line' id='line_1_34' title="bbox 457 4213 1565 4297; baseline -0.001 -19"><span class='ocrx_word' id='word_1_267' title='bbox 457 4215 501 4278; x_wconf 89' lang='lat' dir='ltr'><strong>ad</strong></span> <span class='ocrx_word' id='word_1_268' title='bbox 526 4214 633 4278; x_wconf 90' lang='lat' dir='ltr'><strong>altare</strong></span> <span class='ocrx_word' id='word_1_269' title='bbox 657 4213 850 4297; x_wconf 92' lang='lat' dir='ltr'><strong>predictum</strong></span> <span class='ocrx_word' id='word_1_270' title='bbox 875 4214 940 4278; x_wconf 85' lang='lat' dir='ltr'><strong>S’ci</strong></span> <span class='ocrx_word' id='word_1_271' title='bbox 965 4213 1095 4277; x_wconf 90' lang='lat' dir='ltr'><strong>Thome</strong></span> <span class='ocrx_word' id='word_1_272' title='bbox 1119 4234 1159 4276; x_wconf 93' lang='lat' dir='ltr'><strong>ac</strong></span> <span class='ocrx_word' id='word_1_273' title='bbox 1183 4213 1410 4295; x_wconf 89' lang='lat' dir='ltr'><strong>occupacione</strong></span> <span class='ocrx_word' id='word_1_274' title='bbox 1434 4219 1467 4276; x_wconf 90' lang='lat' dir='ltr'><strong>et</strong></span> <span class='ocrx_word' id='word_1_275' title='bbox 1493 4213 1565 4277; x_wconf 89' lang='lat' dir='ltr'><strong>eius</strong></span> 
     </span>
     <span class='ocr_line' id='line_1_35' title="bbox 456 4316 1564 4403; baseline -0.001 -21"><span class='ocrx_word' id='word_1_276' title='bbox 456 4318 666 4403; x_wconf 90' lang='lat' dir='ltr'><strong>possessione</strong></span> <span class='ocrx_word' id='word_1_277' title='bbox 692 4318 800 4381; x_wconf 91' lang='lat' dir='ltr'><strong>eciam</strong></span> <span class='ocrx_word' id='word_1_278' title='bbox 825 4318 948 4381; x_wconf 89' lang='lat' dir='ltr'><strong>merito</strong></span> <span class='ocrx_word' id='word_1_279' title='bbox 974 4318 1175 4401; x_wconf 85' lang='lat' dir='ltr'><strong>expellatur,</strong></span> <span class='ocrx_word' id='word_1_280' title='bbox 1203 4322 1237 4380; x_wconf 91' lang='lat' dir='ltr'><strong>et</strong></span> <span class='ocrx_word' id='word_1_281' title='bbox 1263 4316 1361 4380; x_wconf 91' lang='lat' dir='ltr'><strong>alteri</strong></span> <span class='ocrx_word' id='word_1_282' title='bbox 1387 4317 1564 4400; x_wconf 90' lang='lat' dir='ltr'><strong>capellano</strong></span> 
     </span>
     <span class='ocr_line' id='line_1_36' title="bbox 457 4420 1563 4486; baseline -0.002 0"><span class='ocrx_word' id='word_1_283' title='bbox 457 4423 602 4486; x_wconf 93' lang='lat' dir='ltr'><strong>honesto</strong></span> <span class='ocrx_word' id='word_1_284' title='bbox 623 4428 658 4485; x_wconf 90' lang='lat' dir='ltr'><strong>et</strong></span> <span class='ocrx_word' id='word_1_285' title='bbox 680 4421 795 4485; x_wconf 89' lang='lat' dir='ltr'><strong>idonio</strong></span> <span class='ocrx_word' id='word_1_286' title='bbox 817 4421 1006 4485; x_wconf 89' lang='lat' dir='ltr'><strong>secundum</strong></span> <span class='ocrx_word' id='word_1_287' title='bbox 1028 4422 1174 4485; x_wconf 80' lang='lat' dir='ltr'><strong>formam</strong></span> <span class='ocrx_word' id='word_1_288' title='bbox 1196 4426 1231 4484; x_wconf 93' lang='lat' dir='ltr'><strong>et</strong></span> <span class='ocrx_word' id='word_1_289' title='bbox 1253 4426 1407 4484; x_wconf 92' lang='lat' dir='ltr'><strong>tenorem</strong></span> <span class='ocrx_word' id='word_1_290' title='bbox 1429 4420 1563 4484; x_wconf 91' lang='lat' dir='ltr'><strong>ordina-</strong></span> 
     </span>
     <span class='ocr_line' id='line_1_37' title="bbox 456 4515 1653 4609; baseline -0.002 -20"><span class='ocrx_word' id='word_1_291' title='bbox 456 4527 563 4590; x_wconf 89' lang='lat' dir='ltr'><strong>cionis</strong></span> <span class='ocrx_word' id='word_1_292' title='bbox 596 4525 769 4590; x_wconf 91' lang='lat' dir='ltr'><strong>antedicte</strong></span> <span class='ocrx_word' id='word_1_293' title='bbox 802 4525 917 4589; x_wconf 86' lang='lat' dir='ltr'><strong>debite</strong></span> <span class='ocrx_word' id='word_1_294' title='bbox 950 4526 1147 4589; x_wconf 86' lang='lat' dir='ltr'><strong>conferatur</strong></span> <span class='ocrx_word' id='word_1_295' title='bbox 1179 4524 1334 4588; x_wconf 91' lang='lat' dir='ltr'><strong>cantaria</strong></span> <span class='ocrx_word' id='word_1_296' title='bbox 1366 4524 1564 4609; x_wconf 90' lang='lat' dir='ltr'><strong>supradicta</strong></span> <span class='ocrx_word' id='word_1_297' title='bbox 1649 4515 1653 4521; x_wconf 52' lang='lat'><em>⁷</em></span> 
     </span>
    </p>
   </div>
   <div class='ocr_carea' id='block_1_10' title="bbox 526 4689 1119 4844">
    <p class='ocr_par' dir='ltr' id='par_1_14' title="bbox 526 4689 1119 4844">
     <span class='ocr_line' id='line_1_38' title="bbox 528 4689 1119 4752; baseline 0.002 -16"><span class='ocrx_word' id='word_1_298' title='bbox 528 4696 534 4717; x_wconf 92' lang='lat'><strong>¹</strong></span> <span class='ocrx_word' id='word_1_299' title='bbox 555 4690 666 4752; x_wconf 77' lang='lat' dir='ltr'><strong>Always</strong></span> <span class='ocrx_word' id='word_1_300' title='bbox 679 4689 791 4737; x_wconf 88' lang='lat' dir='ltr'><strong>written</strong></span> <span class='ocrx_word' id='word_1_301' title='bbox 807 4694 822 4710; x_wconf 82' lang='lat'><strong>‘⁴</strong></span> <span class='ocrx_word' id='word_1_302' title='bbox 832 4690 919 4737; x_wconf 89' lang='lat' dir='ltr'><strong>e’eam</strong></span> <span class='ocrx_word' id='word_1_303' title='bbox 929 4690 944 4708; x_wconf 86' lang='lat'><strong>&#39;’</strong></span> <span class='ocrx_word' id='word_1_304' title='bbox 959 4690 988 4737; x_wconf 89' lang='lat' dir='ltr'><strong>in</strong></span> <span class='ocrx_word' id='word_1_305' title='bbox 1002 4689 1050 4737; x_wconf 90' lang='lat' dir='ltr'><strong>the</strong></span> <span class='ocrx_word' id='word_1_306' title='bbox 1063 4689 1119 4737; x_wconf 88' lang='lat' dir='ltr'><strong>MS.</strong></span> 
     </span>
     <span class='ocr_line' id='line_1_39' title="bbox 526 4781 886 4844; baseline -0.003 -14"><span class='ocrx_word' id='word_1_307' title='bbox 526 4787 536 4809; x_wconf 83' lang='lat'><em>²</em></span> <span class='ocrx_word' id='word_1_308' title='bbox 554 4782 611 4831; x_wconf 87' lang='lat' dir='ltr'><strong>MS.</strong></span> <span class='ocrx_word' id='word_1_309' title='bbox 625 4782 676 4831; x_wconf 84' lang='lat' dir='ltr'><strong>has</strong></span> <span class='ocrx_word' id='word_1_310' title='bbox 690 4785 706 4803; x_wconf 84' lang='lat'><strong>‘¹</strong></span> <span class='ocrx_word' id='word_1_311' title='bbox 717 4781 886 4844; x_wconf 83' lang='lat' dir='ltr'><strong>comgnita.&#39;&#39;</strong></span> 
     </span>
    </p>
   </div>
   <div class='ocr_carea' id='block_1_11' title="bbox 0 0 1980 5625">
    <p class='ocr_par' dir='ltr' id='par_1_15' title="bbox 0 0 1980 5625">
     <span class='ocr_line' id='line_1_40' title="bbox 0 0 1980 5625; baseline 0 2"><span class='ocrx_word' id='word_1_312' title='bbox 0 0 1980 5625; x_wconf 95' lang='lat' dir='ltr'><strong> </strong></span> 
     </span>
    </p>
   </div>
  </div>
 </body>
</html>
