<?xml version="1.0" encoding="UTF-8"?>
<!DOCTYPE html PUBLIC "-//W3C//DTD XHTML 1.0 Transitional//EN"
    "http://www.w3.org/TR/xhtml1/DTD/xhtml1-transitional.dtd">
<html xmlns="http://www.w3.org/1999/xhtml" xml:lang="en" lang="en">
 <head>
  <title>
</title>
<meta http-equiv="Content-Type" content="text/html;charset=utf-8" />
  <meta name='ocr-system' content='tesseract 3.04.00' />
  <meta name='ocr-capabilities' content='ocr_page ocr_carea ocr_par ocr_line ocrx_word'/>
</head>
<body>
  <div class='ocr_page' id='page_1' title='image "./memorialschurch00fowlgoog_0276.png"; bbox 0 0 3950 5625; ppageno 0'>
   <div class='ocr_carea' id='block_1_1' title="bbox 478 700 1297 783">
    <p class='ocr_par' dir='ltr' id='par_1_1' title="bbox 478 700 1297 783">
     <span class='ocr_line' id='line_1_1' title="bbox 478 700 1297 783; baseline 0.006 -19"><span class='ocrx_word' id='word_1_1' title='bbox 478 718 544 783; x_wconf 89' lang='lat'>240</span> <span class='ocrx_word' id='word_1_2' title='bbox 765 701 844 765; x_wconf 75' lang='lat' dir='ltr'>Tua</span> <span class='ocrx_word' id='word_1_3' title='bbox 869 700 1026 767; x_wconf 79' lang='lat' dir='ltr'>Inonssr</span> <span class='ocrx_word' id='word_1_4' title='bbox 1050 701 1297 769; x_wconf 72' lang='lat' dir='ltr'>Manuscnrrr.</span> 
     </span>
    </p>
   </div>
   <div class='ocr_carea' id='block_1_2' title="bbox 481 879 1582 1051">
    <p class='ocr_par' dir='ltr' id='par_1_2' title="bbox 481 879 1582 1051">
     <span class='ocr_line' id='line_1_2' title="bbox 481 879 1582 962; baseline 0.002 -18"><span class='ocrx_word' id='word_1_5' title='bbox 481 879 568 962; x_wconf 84' lang='lat'>(341)</span> <span class='ocrx_word' id='word_1_6' title='bbox 608 880 788 945; x_wconf 82' lang='lat' dir='ltr'>Aomssm</span> <span class='ocrx_word' id='word_1_7' title='bbox 825 898 988 946; x_wconf 78' lang='lat' dir='ltr'>Erusouu</span> <span class='ocrx_word' id='word_1_8' title='bbox 1027 881 1072 947; x_wconf 92' lang='lat' dir='ltr'>M.</span> <span class='ocrx_word' id='word_1_9' title='bbox 1112 882 1149 947; x_wconf 90' lang='lat' dir='ltr'>F.</span> <span class='ocrx_word' id='word_1_10' title='bbox 1188 899 1238 946; x_wconf 81' lang='lat' dir='ltr'>An</span> <span class='ocrx_word' id='word_1_11' title='bbox 1276 899 1503 948; x_wconf 76' lang='lat' dir='ltr'><strong>PREBENDAM</strong></span> <span class='ocrx_word' id='word_1_12' title='bbox 1540 900 1582 947; x_wconf 77' lang='lat' dir='ltr'>os</span> 
     </span>
     <span class='ocr_line' id='line_1_3' title="bbox 522 985 726 1051; baseline 0.015 -3"><span class='ocrx_word' id='word_1_13' title='bbox 522 985 726 1051; x_wconf 75' lang='lat' dir='ltr'>Srooacav.</span> 
     </span>
    </p>
   </div>
   <div class='ocr_carea' id='block_1_3' title="bbox 297 1139 1585 1332">
    <p class='ocr_par' dir='ltr' id='par_1_3' title="bbox 297 1139 1585 1332">
     <span class='ocr_line' id='line_1_4' title="bbox 327 1139 1585 1249; baseline 0.004 -46"><span class='ocrx_word' id='word_1_14' title='bbox 327 1217 341 1249; x_wconf 78' lang='lat' dir='ltr'>a</span> <span class='ocrx_word' id='word_1_15' title='bbox 382 1217 395 1239; x_wconf 36' lang='grc' dir='ltr'><strong>ο</strong></span> <span class='ocrx_word' id='word_1_16' title='bbox 563 1139 762 1225; x_wconf 79' lang='lat' dir='ltr'>Capitulum</span> <span class='ocrx_word' id='word_1_17' title='bbox 778 1194 784 1206; x_wconf 94' lang='lat'><strong><em>.</em></strong></span> <span class='ocrx_word' id='word_1_18' title='bbox 803 1193 809 1206; x_wconf 93' lang='lat'><strong>.</strong></span> <span class='ocrx_word' id='word_1_19' title='bbox 827 1193 833 1206; x_wconf 92' lang='lat'><strong>.</strong></span> <span class='ocrx_word' id='word_1_20' title='bbox 849 1162 926 1205; x_wconf 87' lang='lat' dir='ltr'>ven.</span> <span class='ocrx_word' id='word_1_21' title='bbox 942 1141 1017 1206; x_wconf 92' lang='lat' dir='ltr'>viro</span> <span class='ocrx_word' id='word_1_22' title='bbox 1031 1142 1161 1227; x_wconf 83' lang='lat' dir='ltr'>Mag’ro</span> <span class='ocrx_word' id='word_1_23' title='bbox 1175 1142 1316 1206; x_wconf 90' lang='lat' dir='ltr'>Fulconi</span> <span class='ocrx_word' id='word_1_24' title='bbox 1331 1141 1585 1228; x_wconf 87' lang='lat' dir='ltr'>Bermyngham</span> 
     </span>
     <span class='ocr_line' id='line_1_5' title="bbox 297 1239 1583 1332; baseline 0.005 -27"><span class='ocrx_word' id='word_1_25' title='bbox 297 1239 304 1248; x_wconf 85' lang='grc'><strong>’</strong></span> <span class='ocrx_word' id='word_1_26' title='bbox 475 1264 522 1308; x_wconf 94' lang='lat' dir='ltr'>sa.</span> <span class='ocrx_word' id='word_1_27' title='bbox 546 1244 580 1309; x_wconf 90' lang='lat' dir='ltr'>in</span> <span class='ocrx_word' id='word_1_28' title='bbox 602 1245 757 1309; x_wconf 94' lang='lat' dir='ltr'>omnium</span> <span class='ocrx_word' id='word_1_29' title='bbox 778 1246 960 1310; x_wconf 89' lang='lat' dir='ltr'>saluatore.</span> <span class='ocrx_word' id='word_1_30' title='bbox 1008 1245 1063 1309; x_wconf 84' lang='lat' dir='ltr'>Ad</span> <span class='ocrx_word' id='word_1_31' title='bbox 1084 1246 1141 1311; x_wconf 90' lang='lat' dir='ltr'>Ca.</span> <span class='ocrx_word' id='word_1_32' title='bbox 1164 1252 1199 1309; x_wconf 87' lang='lat' dir='ltr'>et</span> <span class='ocrx_word' id='word_1_33' title='bbox 1220 1267 1269 1330; x_wconf 93' lang='lat' dir='ltr'>pr.</span> <span class='ocrx_word' id='word_1_34' title='bbox 1293 1246 1335 1310; x_wconf 87' lang='lat' dir='ltr'>de</span> <span class='ocrx_word' id='word_1_35' title='bbox 1357 1246 1526 1332; x_wconf 86' lang='lat' dir='ltr'>Studelay</span> <span class='ocrx_word' id='word_1_36' title='bbox 1548 1301 1583 1313; x_wconf 91' lang='lat'>..</span> 
     </span>
    </p>
   </div>
   <div class='ocr_carea' id='block_1_4' title="bbox 471 1347 1586 2058">
    <p class='ocr_par' dir='ltr' id='par_1_4' title="bbox 471 1347 1586 2058">
     <span class='ocr_line' id='line_1_6' title="bbox 475 1347 1585 1435; baseline 0.005 -25"><span class='ocrx_word' id='word_1_37' title='bbox 475 1347 538 1411; x_wconf 92' lang='lat' dir='ltr'>tibi</span> <span class='ocrx_word' id='word_1_38' title='bbox 557 1369 617 1432; x_wconf 90' lang='lat' dir='ltr'>per</span> <span class='ocrx_word' id='word_1_39' title='bbox 636 1349 721 1414; x_wconf 90' lang='lat' dir='ltr'>Reu.</span> <span class='ocrx_word' id='word_1_40' title='bbox 741 1350 776 1413; x_wconf 93' lang='lat' dir='ltr'>in</span> <span class='ocrx_word' id='word_1_41' title='bbox 796 1349 876 1434; x_wconf 91' lang='lat' dir='ltr'>Xpo</span> <span class='ocrx_word' id='word_1_42' title='bbox 897 1403 902 1415; x_wconf 93' lang='lat'>.</span> <span class='ocrx_word' id='word_1_43' title='bbox 925 1402 931 1413; x_wconf 91' lang='lat'><strong>.</strong></span> <span class='ocrx_word' id='word_1_44' title='bbox 951 1350 1048 1414; x_wconf 91' lang='lat' dir='ltr'>d’nm</span> <span class='ocrx_word' id='word_1_45' title='bbox 1066 1349 1249 1435; x_wconf 83' lang='lat' dir='ltr'>Georgium</span> <span class='ocrx_word' id='word_1_46' title='bbox 1269 1402 1275 1415; x_wconf 93' lang='lat'><strong>.</strong></span> <span class='ocrx_word' id='word_1_47' title='bbox 1298 1402 1304 1415; x_wconf 93' lang='lat'><strong>.</strong></span> <span class='ocrx_word' id='word_1_48' title='bbox 1324 1351 1480 1427; x_wconf 90' lang='lat' dir='ltr'>collatos,</span> <span class='ocrx_word' id='word_1_49' title='bbox 1501 1359 1535 1416; x_wconf 89' lang='lat' dir='ltr'>te</span> <span class='ocrx_word' id='word_1_50' title='bbox 1553 1353 1585 1416; x_wconf 86' lang='lat' dir='ltr'>in</span> 
     </span>
     <span class='ocr_line' id='line_1_7' title="bbox 474 1453 1585 1538; baseline 0.005 -23"><span class='ocrx_word' id='word_1_51' title='bbox 474 1473 655 1536; x_wconf 78' lang='lat' dir='ltr'>personam</span> <span class='ocrx_word' id='word_1_52' title='bbox 679 1453 803 1538; x_wconf 85' lang='lat' dir='ltr'>Rogeri</span> <span class='ocrx_word' id='word_1_53' title='bbox 828 1454 980 1538; x_wconf 89' lang='lat' dir='ltr'>Pypwall</span> <span class='ocrx_word' id='word_1_54' title='bbox 1007 1506 1013 1518; x_wconf 89' lang='lat'><strong>.</strong></span> <span class='ocrx_word' id='word_1_55' title='bbox 1040 1506 1046 1518; x_wconf 94' lang='lat'>.</span> <span class='ocrx_word' id='word_1_56' title='bbox 1072 1475 1111 1518; x_wconf 91' lang='lat' dir='ltr'>ac</span> <span class='ocrx_word' id='word_1_57' title='bbox 1134 1454 1247 1538; x_wconf 91' lang='lat' dir='ltr'>ipsum</span> <span class='ocrx_word' id='word_1_58' title='bbox 1270 1462 1530 1538; x_wconf 90' lang='lat' dir='ltr'>procuratorem</span> <span class='ocrx_word' id='word_1_59' title='bbox 1552 1457 1585 1520; x_wconf 91' lang='lat' dir='ltr'>in</span> 
     </span>
     <span class='ocr_line' id='line_1_8' title="bbox 473 1558 1583 1642; baseline 0.005 -23"><span class='ocrx_word' id='word_1_60' title='bbox 473 1576 655 1640; x_wconf 87' lang='lat' dir='ltr'>personam</span> <span class='ocrx_word' id='word_1_61' title='bbox 674 1559 725 1623; x_wconf 87' lang='lat' dir='ltr'>tui</span> <span class='ocrx_word' id='word_1_62' title='bbox 744 1558 955 1634; x_wconf 86' lang='lat' dir='ltr'>admisimus,</span> <span class='ocrx_word' id='word_1_63' title='bbox 976 1558 1109 1642; x_wconf 87' lang='lat' dir='ltr'>tibique</span> <span class='ocrx_word' id='word_1_64' title='bbox 1127 1559 1267 1623; x_wconf 89' lang='lat' dir='ltr'>stallum</span> <span class='ocrx_word' id='word_1_65' title='bbox 1288 1611 1294 1624; x_wconf 93' lang='lat'>.</span> <span class='ocrx_word' id='word_1_66' title='bbox 1317 1612 1323 1623; x_wconf 91' lang='lat'>.</span> <span class='ocrx_word' id='word_1_67' title='bbox 1346 1611 1352 1623; x_wconf 91' lang='lat'><strong><em>.</em></strong></span> <span class='ocrx_word' id='word_1_68' title='bbox 1373 1559 1583 1626; x_wconf 80' lang='lat' dir='ltr'>induximus</span> 
     </span>
     <span class='ocr_line' id='line_1_9' title="bbox 473 1661 1586 1747; baseline 0.004 -23"><span class='ocrx_word' id='word_1_69' title='bbox 473 1661 618 1743; x_wconf 86' lang='lat' dir='ltr'>Juribus</span> <span class='ocrx_word' id='word_1_70' title='bbox 638 1716 643 1726; x_wconf 95' lang='lat'>.</span> <span class='ocrx_word' id='word_1_71' title='bbox 667 1715 673 1727; x_wconf 90' lang='lat'>.</span> <span class='ocrx_word' id='word_1_72' title='bbox 695 1714 701 1726; x_wconf 91' lang='lat'>.</span> <span class='ocrx_word' id='word_1_73' title='bbox 722 1662 836 1727; x_wconf 82' lang='lat' dir='ltr'>saluis,</span> <span class='ocrx_word' id='word_1_74' title='bbox 885 1662 925 1726; x_wconf 93' lang='lat' dir='ltr'>In</span> <span class='ocrx_word' id='word_1_75' title='bbox 942 1683 969 1727; x_wconf 93' lang='lat' dir='ltr'>c.</span> <span class='ocrx_word' id='word_1_76' title='bbox 990 1683 1016 1727; x_wconf 89' lang='lat' dir='ltr'>r.</span> <span class='ocrx_word' id='word_1_77' title='bbox 1036 1669 1061 1727; x_wconf 94' lang='lat' dir='ltr'>t.</span> <span class='ocrx_word' id='word_1_78' title='bbox 1082 1715 1088 1726; x_wconf 91' lang='lat'><strong>.</strong></span> <span class='ocrx_word' id='word_1_79' title='bbox 1109 1715 1115 1727; x_wconf 93' lang='lat'><strong>.</strong></span> <span class='ocrx_word' id='word_1_80' title='bbox 1136 1715 1142 1727; x_wconf 94' lang='lat'>.</span> <span class='ocrx_word' id='word_1_81' title='bbox 1163 1662 1409 1747; x_wconf 79' lang='lat' dir='ltr'>apposuimus·</span> <span class='ocrx_word' id='word_1_82' title='bbox 1446 1665 1529 1731; x_wconf 89' lang='lat' dir='ltr'>Dat.</span> <span class='ocrx_word' id='word_1_83' title='bbox 1551 1666 1586 1729; x_wconf 90' lang='lat' dir='ltr'>in</span> 
     </span>
     <span class='ocr_line' id='line_1_10' title="bbox 473 1765 1586 1854; baseline 0.004 -24"><span class='ocrx_word' id='word_1_84' title='bbox 473 1765 527 1830; x_wconf 91' lang='lat' dir='ltr'>do.</span> <span class='ocrx_word' id='word_1_85' title='bbox 556 1766 630 1830; x_wconf 87' lang='lat' dir='ltr'>n&#39;ra</span> <span class='ocrx_word' id='word_1_86' title='bbox 657 1766 845 1850; x_wconf 89' lang='lat' dir='ltr'>Capitulari</span> <span class='ocrx_word' id='word_1_87' title='bbox 873 1767 907 1831; x_wconf 93' lang='lat' dir='ltr'>in</span> <span class='ocrx_word' id='word_1_88' title='bbox 934 1767 1023 1831; x_wconf 86' lang='lat' dir='ltr'>festo</span> <span class='ocrx_word' id='word_1_89' title='bbox 1049 1766 1138 1832; x_wconf 86' lang='lat' dir='ltr'>Ann.</span> <span class='ocrx_word' id='word_1_90' title='bbox 1166 1768 1199 1832; x_wconf 91' lang='lat' dir='ltr'>b.</span> <span class='ocrx_word' id='word_1_91' title='bbox 1229 1768 1334 1831; x_wconf 86' lang='lat' dir='ltr'>Marie</span> <span class='ocrx_word' id='word_1_92' title='bbox 1360 1768 1455 1854; x_wconf 88' lang='lat' dir='ltr'>Virg.</span> <span class='ocrx_word' id='word_1_93' title='bbox 1485 1769 1586 1834; x_wconf 89' lang='lat' dir='ltr'>Anno</span> 
     </span>
     <span class='ocr_line' id='line_1_11' title="bbox 473 1870 1585 1956; baseline 0.004 -23"><span class='ocrx_word' id='word_1_94' title='bbox 473 1870 552 1934; x_wconf 88' lang='lat' dir='ltr'>D’ni</span> <span class='ocrx_word' id='word_1_95' title='bbox 568 1870 747 1935; x_wconf 90' lang='lat' dir='ltr'>Millesimo</span> <span class='ocrx_word' id='word_1_96' title='bbox 760 1871 1099 1955; x_wconf 86' lang='lat' dir='ltr'>quadringentesimo</span> <span class='ocrx_word' id='word_1_97' title='bbox 1112 1872 1323 1956; x_wconf 86' lang='lat' dir='ltr'>sexagesimo</span> <span class='ocrx_word' id='word_1_98' title='bbox 1336 1879 1473 1937; x_wconf 79' lang='lat' dir='ltr'>octauo,</span> <span class='ocrx_word' id='word_1_99' title='bbox 1525 1875 1585 1955; x_wconf 84' lang='lat' dir='ltr'>(As</span> 
     </span>
     <span class='ocr_line' id='line_1_12' title="bbox 471 1975 702 2058; baseline 0.009 -20"><span class='ocrx_word' id='word_1_100' title='bbox 471 1975 509 2038; x_wconf 82' lang='lat' dir='ltr'>in</span> <span class='ocrx_word' id='word_1_101' title='bbox 528 1976 592 2040; x_wconf 91' lang='lat' dir='ltr'>No.</span> <span class='ocrx_word' id='word_1_102' title='bbox 613 1975 702 2058; x_wconf 82' lang='lat'>316).</span> 
     </span>
    </p>
   </div>
   <div class='ocr_carea' id='block_1_5' title="bbox 474 2168 1584 2336">
    <p class='ocr_par' dir='ltr' id='par_1_5' title="bbox 474 2168 1584 2336">
     <span class='ocr_line' id='line_1_13' title="bbox 474 2168 1584 2252; baseline 0.002 -19"><span class='ocrx_word' id='word_1_103' title='bbox 474 2169 561 2252; x_wconf 83' lang='lat'>(342)</span> <span class='ocrx_word' id='word_1_104' title='bbox 580 2168 756 2232; x_wconf 80' lang='lat' dir='ltr'>chaucm</span> <span class='ocrx_word' id='word_1_105' title='bbox 771 2185 1007 2233; x_wconf 79' lang='lat' dir='ltr'><strong>PURIFICANDI</strong></span> <span class='ocrx_word' id='word_1_106' title='bbox 1023 2186 1216 2233; x_wconf 73' lang='lat' dir='ltr'>uncianum</span> <span class='ocrx_word' id='word_1_107' title='bbox 1231 2187 1270 2233; x_wconf 79' lang='lat' dir='ltr'>ru</span> <span class='ocrx_word' id='word_1_108' title='bbox 1285 2168 1452 2234; x_wconf 73' lang='lat' dir='ltr'>CAPELLA</span> <span class='ocrx_word' id='word_1_109' title='bbox 1467 2187 1584 2235; x_wconf 71' lang='lat' dir='ltr'>saura</span> 
     </span>
     <span class='ocr_line' id='line_1_14' title="bbox 516 2272 905 2336; baseline 0 0"><span class='ocrx_word' id='word_1_110' title='bbox 516 2273 638 2336; x_wconf 74' lang='lat' dir='ltr'>Maura</span> <span class='ocrx_word' id='word_1_111' title='bbox 663 2272 905 2336; x_wconf 67' lang='lat' dir='ltr'>Maenium.</span> 
     </span>
    </p>
   </div>
   <div class='ocr_carea' id='block_1_6' title="bbox 559 2426 1584 2512">
    <p class='ocr_par' dir='ltr' id='par_1_6' title="bbox 559 2426 1584 2512">
     <span class='ocr_line' id='line_1_15' title="bbox 559 2426 1584 2512; baseline 0.004 -22"><span class='ocrx_word' id='word_1_112' title='bbox 559 2426 757 2511; x_wconf 80' lang='lat' dir='ltr'>Capitulum</span> <span class='ocrx_word' id='word_1_113' title='bbox 783 2426 862 2490; x_wconf 91' lang='lat' dir='ltr'>eccl.</span> <span class='ocrx_word' id='word_1_114' title='bbox 891 2426 972 2491; x_wconf 92' lang='lat' dir='ltr'>Coll.</span> <span class='ocrx_word' id='word_1_115' title='bbox 1001 2428 1034 2490; x_wconf 91' lang='lat' dir='ltr'>b.</span> <span class='ocrx_word' id='word_1_116' title='bbox 1063 2426 1211 2490; x_wconf 84' lang='lat' dir='ltr'>Willridi</span> <span class='ocrx_word' id='word_1_117' title='bbox 1237 2427 1362 2512; x_wconf 88' lang='lat' dir='ltr'>Ripon&#39;</span> <span class='ocrx_word' id='word_1_118' title='bbox 1391 2428 1584 2512; x_wconf 87' lang='lat' dir='ltr'>Capellanis</span> 
     </span>
    </p>
   </div>
   <div class='ocr_carea' id='block_1_7' title="bbox 344 2515 1583 2617">
    <p class='ocr_par' dir='ltr' id='par_1_7' title="bbox 344 2515 1583 2617">
     <span class='ocr_line' id='line_1_16' title="bbox 344 2515 1583 2617; baseline 0.002 -22"><span class='ocrx_word' id='word_1_119' title='bbox 344 2515 363 2547; x_wconf 63' lang='grc' dir='ltr'>Π</span> <span class='ocrx_word' id='word_1_120' title='bbox 407 2539 412 2549; x_wconf 86' lang='grc'><em>“</em></span> <span class='ocrx_word' id='word_1_121' title='bbox 471 2531 589 2595; x_wconf 91' lang='lat' dir='ltr'>diuina</span> <span class='ocrx_word' id='word_1_122' title='bbox 621 2532 655 2594; x_wconf 94' lang='lat' dir='ltr'>in</span> <span class='ocrx_word' id='word_1_123' title='bbox 687 2530 824 2614; x_wconf 84' lang='lat' dir='ltr'>Capella</span> <span class='ocrx_word' id='word_1_124' title='bbox 855 2530 1035 2615; x_wconf 90' lang='lat' dir='ltr'>hospitalis</span> <span class='ocrx_word' id='word_1_125' title='bbox 1066 2532 1138 2595; x_wconf 89' lang='lat' dir='ltr'>b’te</span> <span class='ocrx_word' id='word_1_126' title='bbox 1171 2531 1275 2595; x_wconf 84' lang='lat' dir='ltr'>Mane</span> <span class='ocrx_word' id='word_1_127' title='bbox 1307 2531 1511 2617; x_wconf 86' lang='lat' dir='ltr'>Magdalene</span> <span class='ocrx_word' id='word_1_128' title='bbox 1542 2535 1583 2598; x_wconf 90' lang='lat' dir='ltr'>de</span> 
     </span>
    </p>
   </div>
   <div class='ocr_carea' id='block_1_8' title="bbox 465 2635 1583 3660">
    <p class='ocr_par' dir='ltr' id='par_1_8' title="bbox 465 2635 1583 3660">
     <span class='ocr_line' id='line_1_17' title="bbox 472 2635 1581 2720; baseline 0.004 -21"><span class='ocrx_word' id='word_1_129' title='bbox 472 2635 596 2719; x_wconf 90' lang='lat' dir='ltr'>Ripon’</span> <span class='ocrx_word' id='word_1_130' title='bbox 635 2642 830 2699; x_wconf 90' lang='lat' dir='ltr'>nostrorum</span> <span class='ocrx_word' id='word_1_131' title='bbox 866 2635 1010 2718; x_wconf 87' lang='lat' dir='ltr'>teritorij</span> <span class='ocrx_word' id='word_1_132' title='bbox 1050 2642 1085 2698; x_wconf 88' lang='lat' dir='ltr'>et</span> <span class='ocrx_word' id='word_1_133' title='bbox 1121 2635 1280 2720; x_wconf 79' lang='lat' dir='ltr'>parochie</span> <span class='ocrx_word' id='word_1_134' title='bbox 1316 2636 1581 2709; x_wconf 82' lang='lat' dir='ltr'>celebrantibus,</span> 
     </span>
     <span class='ocr_line' id='line_1_18' title="bbox 470 2739 1583 2828; baseline 0.004 -25"><span class='ocrx_word' id='word_1_135' title='bbox 470 2740 628 2804; x_wconf 88' lang='lat' dir='ltr'>salutem.</span> <span class='ocrx_word' id='word_1_136' title='bbox 676 2739 723 2803; x_wconf 93' lang='lat' dir='ltr'>Vt</span> <span class='ocrx_word' id='word_1_137' title='bbox 746 2739 915 2824; x_wconf 84' lang='lat' dir='ltr'>Agnetem</span> <span class='ocrx_word' id='word_1_138' title='bbox 939 2760 1083 2803; x_wconf 88' lang='lat' dir='ltr'>vxorern</span> <span class='ocrx_word' id='word_1_139' title='bbox 1106 2740 1236 2804; x_wconf 92' lang='lat' dir='ltr'>Thome</span> <span class='ocrx_word' id='word_1_140' title='bbox 1259 2740 1459 2818; x_wconf 90' lang='lat' dir='ltr'>Walworth,</span> <span class='ocrx_word' id='word_1_141' title='bbox 1485 2763 1583 2828; x_wconf 90' lang='lat' dir='ltr'>paro-</span> 
     </span>
     <span class='ocr_line' id='line_1_19' title="bbox 469 2844 1582 2931; baseline 0.003 -22"><span class='ocrx_word' id='word_1_142' title='bbox 469 2846 628 2909; x_wconf 91' lang='lat' dir='ltr'>chianam</span> <span class='ocrx_word' id='word_1_143' title='bbox 642 2844 814 2928; x_wconf 88' lang='lat' dir='ltr'>prebende</span> <span class='ocrx_word' id='word_1_144' title='bbox 829 2844 871 2908; x_wconf 93' lang='lat' dir='ltr'>de</span> <span class='ocrx_word' id='word_1_145' title='bbox 887 2844 1047 2909; x_wconf 87' lang='lat' dir='ltr'>Sharowe</span> <span class='ocrx_word' id='word_1_146' title='bbox 1062 2845 1097 2909; x_wconf 94' lang='lat' dir='ltr'>in</span> <span class='ocrx_word' id='word_1_147' title='bbox 1112 2845 1192 2909; x_wconf 89' lang='lat' dir='ltr'>eccl.</span> <span class='ocrx_word' id='word_1_148' title='bbox 1209 2845 1363 2930; x_wconf 90' lang='lat' dir='ltr'>predicta</span> <span class='ocrx_word' id='word_1_149' title='bbox 1378 2867 1582 2931; x_wconf 87' lang='lat' dir='ltr'>puerperam</span> 
     </span>
     <span class='ocr_line' id='line_1_20' title="bbox 468 2949 1582 3036; baseline 0.002 -22"><span class='ocrx_word' id='word_1_150' title='bbox 468 2956 546 3033; x_wconf 89' lang='lat' dir='ltr'>post</span> <span class='ocrx_word' id='word_1_151' title='bbox 569 2956 709 3033; x_wconf 90' lang='lat' dir='ltr'>partum</span> <span class='ocrx_word' id='word_1_152' title='bbox 725 2949 828 3033; x_wconf 88' lang='lat' dir='ltr'>prolis</span> <span class='ocrx_word' id='word_1_153' title='bbox 845 2949 1022 3013; x_wconf 88' lang='lat' dir='ltr'>ecclesiam</span> <span class='ocrx_word' id='word_1_154' title='bbox 1040 2949 1133 3013; x_wconf 90' lang='lat' dir='ltr'>adire</span> <span class='ocrx_word' id='word_1_155' title='bbox 1150 2950 1335 3024; x_wconf 87' lang='lat' dir='ltr'>volentem,</span> <span class='ocrx_word' id='word_1_156' title='bbox 1353 2950 1389 3014; x_wconf 92' lang='lat' dir='ltr'>in</span> <span class='ocrx_word' id='word_1_157' title='bbox 1406 2950 1582 3036; x_wconf 88' lang='lat' dir='ltr'>Capellam</span> 
     </span>
     <span class='ocr_line' id='line_1_21' title="bbox 468 3053 1580 3138; baseline 0.002 -19"><span class='ocrx_word' id='word_1_158' title='bbox 468 3055 549 3119; x_wconf 88' lang='lat' dir='ltr'>dicti</span> <span class='ocrx_word' id='word_1_159' title='bbox 588 3053 767 3138; x_wconf 90' lang='lat' dir='ltr'>hospitalis</span> <span class='ocrx_word' id='word_1_160' title='bbox 804 3053 948 3118; x_wconf 91' lang='lat' dir='ltr'>valeatis</span> <span class='ocrx_word' id='word_1_161' title='bbox 985 3054 1143 3137; x_wconf 89' lang='lat' dir='ltr'>recipere,</span> <span class='ocrx_word' id='word_1_162' title='bbox 1181 3054 1280 3138; x_wconf 93' lang='lat' dir='ltr'>eique</span> <span class='ocrx_word' id='word_1_163' title='bbox 1315 3057 1580 3121; x_wconf 86' lang='lat' dir='ltr'>sacramentalia</span> 
     </span>
     <span class='ocr_line' id='line_1_22' title="bbox 467 3144 1579 3233; baseline 0.003 -10"><span class='ocrx_word' id='word_1_164' title='bbox 467 3159 660 3223; x_wconf 90' lang='lat' dir='ltr'>ministrare</span> <span class='ocrx_word' id='word_1_165' title='bbox 691 3158 755 3222; x_wconf 91' lang='lat' dir='ltr'>hac</span> <span class='ocrx_word' id='word_1_166' title='bbox 785 3158 859 3222; x_wconf 87' lang='lat' dir='ltr'>vice</span> <span class='ocrx_word' id='word_1_167' title='bbox 890 3163 1040 3233; x_wconf 89' lang='lat' dir='ltr'>tantum,</span> <span class='ocrx_word' id='word_1_168' title='bbox 1066 3158 1311 3223; x_wconf 88' lang='lat' dir='ltr'>auctoritatem</span> <span class='ocrx_word' id='word_1_169' title='bbox 1335 3144 1374 3223; x_wconf 89' lang='lat' dir='ltr'>et</span> <span class='ocrx_word' id='word_1_170' title='bbox 1399 3160 1579 3226; x_wconf 88' lang='lat' dir='ltr'>licenciam</span> 
     </span>
     <span class='ocr_line' id='line_1_23' title="bbox 467 3262 1578 3347; baseline 0 -19"><span class='ocrx_word' id='word_1_171' title='bbox 467 3271 585 3328; x_wconf 86' lang='lat' dir='ltr'>tenore</span> <span class='ocrx_word' id='word_1_172' title='bbox 604 3262 817 3347; x_wconf 87' lang='lat' dir='ltr'>presencium</span> <span class='ocrx_word' id='word_1_173' title='bbox 835 3262 1053 3327; x_wconf 85' lang='lat' dir='ltr'>concedimus</span> <span class='ocrx_word' id='word_1_174' title='bbox 1072 3263 1264 3347; x_wconf 89' lang='lat' dir='ltr'>specialem,</span> <span class='ocrx_word' id='word_1_175' title='bbox 1285 3263 1368 3345; x_wconf 91' lang='lat' dir='ltr'>Jure</span> <span class='ocrx_word' id='word_1_176' title='bbox 1389 3315 1395 3329; x_wconf 92' lang='lat'><strong>.</strong></span> <span class='ocrx_word' id='word_1_177' title='bbox 1418 3315 1425 3330; x_wconf 92' lang='lat'><strong>.</strong></span> <span class='ocrx_word' id='word_1_178' title='bbox 1448 3316 1454 3330; x_wconf 93' lang='lat'><strong>.</strong></span> <span class='ocrx_word' id='word_1_179' title='bbox 1475 3266 1578 3330; x_wconf 91' lang='lat' dir='ltr'>saluis</span> 
     </span>
     <span class='ocr_line' id='line_1_24' title="bbox 468 3366 1574 3453; baseline 0.001 -20"><span class='ocrx_word' id='word_1_180' title='bbox 468 3370 517 3450; x_wconf 81' lang='lat' dir='ltr'>(as</span> <span class='ocrx_word' id='word_1_181' title='bbox 538 3369 576 3433; x_wconf 82' lang='lat' dir='ltr'>in</span> <span class='ocrx_word' id='word_1_182' title='bbox 597 3368 661 3431; x_wconf 81' lang='lat' dir='ltr'>No,</span> <span class='ocrx_word' id='word_1_183' title='bbox 685 3368 774 3449; x_wconf 82' lang='grc' dir='ltr'>33Ι).</span> <span class='ocrx_word' id='word_1_184' title='bbox 823 3368 903 3431; x_wconf 89' lang='lat' dir='ltr'>Dat.</span> <span class='ocrx_word' id='word_1_185' title='bbox 929 3419 935 3431; x_wconf 91' lang='lat'>.</span> <span class='ocrx_word' id='word_1_186' title='bbox 961 3419 967 3432; x_wconf 93' lang='lat'>.</span> <span class='ocrx_word' id='word_1_187' title='bbox 993 3419 999 3431; x_wconf 93' lang='lat'>.</span> <span class='ocrx_word' id='word_1_188' title='bbox 1026 3367 1075 3449; x_wconf 86' lang='lat' dir='ltr'>(as</span> <span class='ocrx_word' id='word_1_189' title='bbox 1095 3367 1134 3431; x_wconf 79' lang='lat' dir='ltr'>iu</span> <span class='ocrx_word' id='word_1_190' title='bbox 1155 3368 1220 3433; x_wconf 83' lang='lat' dir='ltr'>No,</span> <span class='ocrx_word' id='word_1_191' title='bbox 1243 3366 1319 3452; x_wconf 88' lang='grc'>338)</span> <span class='ocrx_word' id='word_1_192' title='bbox 1344 3367 1574 3453; x_wconf 89' lang='lat' dir='ltr'>Commissarij</span> 
     </span>
     <span class='ocr_line' id='line_1_25' title="bbox 465 3470 1577 3559; baseline 0 -21"><span class='ocrx_word' id='word_1_193' title='bbox 465 3473 573 3538; x_wconf 89' lang='lat' dir='ltr'>nostri</span> <span class='ocrx_word' id='word_1_194' title='bbox 589 3478 716 3556; x_wconf 86' lang='lat' dir='ltr'>quarto</span> <span class='ocrx_word' id='word_1_195' title='bbox 732 3471 786 3535; x_wconf 93' lang='lat' dir='ltr'>die</span> <span class='ocrx_word' id='word_1_196' title='bbox 802 3470 928 3556; x_wconf 85' lang='lat' dir='ltr'>Aprilis</span> <span class='ocrx_word' id='word_1_197' title='bbox 944 3470 1046 3535; x_wconf 85' lang='lat' dir='ltr'>Anno</span> <span class='ocrx_word' id='word_1_198' title='bbox 1063 3471 1143 3535; x_wconf 85' lang='lat' dir='ltr'>D&#39;ni</span> <span class='ocrx_word' id='word_1_199' title='bbox 1161 3472 1332 3536; x_wconf 90' lang='lat' dir='ltr'>Millisimo</span> <span class='ocrx_word' id='word_1_200' title='bbox 1348 3473 1577 3559; x_wconf 86' lang='lat' dir='ltr'>quadringen-</span> 
     </span>
     <span class='ocr_line' id='line_1_26' title="bbox 465 3575 972 3660; baseline -0.004 -19"><span class='ocrx_word' id='word_1_201' title='bbox 465 3577 589 3641; x_wconf 87' lang='lat' dir='ltr'>tesimo</span> <span class='ocrx_word' id='word_1_202' title='bbox 608 3575 819 3660; x_wconf 83' lang='lat' dir='ltr'>sexagesimo</span> <span class='ocrx_word' id='word_1_203' title='bbox 838 3581 972 3640; x_wconf 83' lang='lat' dir='ltr'>octauo</span> 
     </span>
    </p>
   </div>
   <div class='ocr_carea' id='block_1_9' title="bbox 464 3778 1576 3950">
    <p class='ocr_par' dir='ltr' id='par_1_9' title="bbox 464 3778 1576 3950">
     <span class='ocr_line' id='line_1_27' title="bbox 464 3778 1576 3863; baseline 0.005 -21"><span class='ocrx_word' id='word_1_204' title='bbox 464 3778 505 3842; x_wconf 86' lang='lat'>82</span> <span class='ocrx_word' id='word_1_205' title='bbox 519 3798 550 3842; x_wconf 87' lang='lat' dir='ltr'>v.</span> <span class='ocrx_word' id='word_1_206' title='bbox 580 3781 667 3863; x_wconf 85' lang='lat'>(343)</span> <span class='ocrx_word' id='word_1_207' title='bbox 694 3779 925 3844; x_wconf 78' lang='lat' dir='ltr'>Aucrorurns</span> <span class='ocrx_word' id='word_1_208' title='bbox 951 3795 1220 3843; x_wconf 72' lang='lat' dir='ltr'>socaumzanor</span> <span class='ocrx_word' id='word_1_209' title='bbox 1249 3795 1515 3847; x_wconf 76' lang='lat' dir='ltr'>uarurnonruu</span> <span class='ocrx_word' id='word_1_210' title='bbox 1539 3800 1576 3848; x_wconf 81' lang='lat' dir='ltr'>ru</span> 
     </span>
     <span class='ocr_line' id='line_1_28' title="bbox 510 3899 919 3950; baseline 0 -1"><span class='ocrx_word' id='word_1_211' title='bbox 510 3901 684 3950; x_wconf 76' lang='lat' dir='ltr'>ucccasm</span> <span class='ocrx_word' id='word_1_212' title='bbox 709 3899 919 3949; x_wconf 71' lang='lat' dir='ltr'>romnsaca</span> 
     </span>
    </p>
   </div>
   <div class='ocr_carea' id='block_1_10' title="bbox 551 4037 1575 4125">
    <p class='ocr_par' dir='ltr' id='par_1_10' title="bbox 551 4037 1575 4125">
     <span class='ocr_line' id='line_1_29' title="bbox 551 4037 1575 4125; baseline 0.002 -20"><span class='ocrx_word' id='word_1_213' title='bbox 551 4040 749 4125; x_wconf 88' lang='lat' dir='ltr'>Capitulum</span> <span class='ocrx_word' id='word_1_214' title='bbox 766 4040 845 4104; x_wconf 92' lang='lat' dir='ltr'>eccl.</span> <span class='ocrx_word' id='word_1_215' title='bbox 865 4038 946 4103; x_wconf 92' lang='lat' dir='ltr'>Coll.</span> <span class='ocrx_word' id='word_1_216' title='bbox 966 4040 1000 4103; x_wconf 90' lang='lat' dir='ltr'>b.</span> <span class='ocrx_word' id='word_1_217' title='bbox 1020 4037 1113 4102; x_wconf 90' lang='lat' dir='ltr'>Petri</span> <span class='ocrx_word' id='word_1_218' title='bbox 1131 4046 1166 4103; x_wconf 87' lang='lat' dir='ltr'>et</span> <span class='ocrx_word' id='word_1_219' title='bbox 1183 4038 1331 4103; x_wconf 86' lang='lat' dir='ltr'>Willridi</span> <span class='ocrx_word' id='word_1_220' title='bbox 1349 4038 1475 4124; x_wconf 90' lang='lat' dir='ltr'>Ripon’</span> <span class='ocrx_word' id='word_1_221' title='bbox 1494 4042 1575 4107; x_wconf 88' lang='lat' dir='ltr'>d&#39;no</span> 
     </span>
    </p>
   </div>
   <div class='ocr_carea' id='block_1_11' title="bbox 313 4141 1574 4231">
    <p class='ocr_par' dir='ltr' id='par_1_11' title="bbox 313 4141 1574 4231">
     <span class='ocr_line' id='line_1_30' title="bbox 313 4141 1574 4231; baseline 0.008 -29"><span class='ocrx_word' id='word_1_222' title='bbox 313 4141 358 4173; x_wconf 72' lang='lat'>¹¹¹⁰</span> <span class='ocrx_word' id='word_1_223' title='bbox 406 4165 411 4174; x_wconf 90' lang='lat'><strong>·</strong></span> <span class='ocrx_word' id='word_1_224' title='bbox 463 4147 593 4210; x_wconf 90' lang='lat' dir='ltr'>Thome</span> <span class='ocrx_word' id='word_1_225' title='bbox 610 4145 751 4209; x_wconf 90' lang='lat' dir='ltr'>Nowble</span> <span class='ocrx_word' id='word_1_226' title='bbox 768 4144 957 4229; x_wconf 89' lang='lat' dir='ltr'>presbitero</span> <span class='ocrx_word' id='word_1_227' title='bbox 973 4142 1160 4227; x_wconf 91' lang='lat' dir='ltr'>parochiali</span> <span class='ocrx_word' id='word_1_228' title='bbox 1177 4144 1256 4208; x_wconf 92' lang='lat' dir='ltr'>eccl.</span> <span class='ocrx_word' id='word_1_229' title='bbox 1276 4164 1347 4227; x_wconf 90' lang='lat' dir='ltr'>par.</span> <span class='ocrx_word' id='word_1_230' title='bbox 1365 4144 1408 4208; x_wconf 91' lang='lat' dir='ltr'>de</span> <span class='ocrx_word' id='word_1_231' title='bbox 1426 4145 1574 4231; x_wconf 81' lang='lat' dir='ltr'>Kyrkby</span> 
     </span>
    </p>
   </div>
   <div class='ocr_carea' id='block_1_12' title="bbox 460 4246 1573 4861">
    <p class='ocr_par' dir='ltr' id='par_1_12' title="bbox 460 4246 1573 4861">
     <span class='ocr_line' id='line_1_31' title="bbox 464 4246 1573 4333; baseline 0.001 -19"><span class='ocrx_word' id='word_1_232' title='bbox 464 4249 665 4325; x_wconf 82' lang='lat' dir='ltr'>Malvese&#39;rd,</span> <span class='ocrx_word' id='word_1_233' title='bbox 683 4249 840 4314; x_wconf 90' lang='lat' dir='ltr'>salutern.</span> <span class='ocrx_word' id='word_1_234' title='bbox 888 4247 935 4311; x_wconf 90' lang='lat' dir='ltr'>Vt</span> <span class='ocrx_word' id='word_1_235' title='bbox 952 4247 987 4310; x_wconf 91' lang='lat' dir='ltr'>in</span> <span class='ocrx_word' id='word_1_236' title='bbox 1004 4246 1083 4311; x_wconf 88' lang='lat' dir='ltr'>eccl.</span> <span class='ocrx_word' id='word_1_237' title='bbox 1102 4267 1174 4330; x_wconf 89' lang='lat' dir='ltr'>par.</span> <span class='ocrx_word' id='word_1_238' title='bbox 1193 4247 1235 4311; x_wconf 88' lang='lat' dir='ltr'>de</span> <span class='ocrx_word' id='word_1_239' title='bbox 1255 4248 1402 4331; x_wconf 89' lang='lat' dir='ltr'>Kyrkby</span> <span class='ocrx_word' id='word_1_240' title='bbox 1418 4250 1573 4333; x_wconf 88' lang='lat' dir='ltr'>predicta</span> 
     </span>
     <span class='ocr_line' id='line_1_32' title="bbox 462 4351 1572 4420; baseline -0.001 0"><span class='ocrx_word' id='word_1_241' title='bbox 462 4354 721 4420; x_wconf 88' lang='lat' dir='ltr'>matrimonium</span> <span class='ocrx_word' id='word_1_242' title='bbox 754 4353 844 4417; x_wconf 91' lang='lat' dir='ltr'>inter</span> <span class='ocrx_word' id='word_1_243' title='bbox 876 4351 1004 4415; x_wconf 88' lang='lat' dir='ltr'>Will&#39;m</span> <span class='ocrx_word' id='word_1_244' title='bbox 1037 4351 1232 4415; x_wconf 89' lang='lat' dir='ltr'>Thekeston</span> <span class='ocrx_word' id='word_1_245' title='bbox 1266 4352 1308 4416; x_wconf 91' lang='lat' dir='ltr'>de</span> <span class='ocrx_word' id='word_1_246' title='bbox 1341 4353 1498 4418; x_wconf 90' lang='lat' dir='ltr'>Masham</span> <span class='ocrx_word' id='word_1_247' title='bbox 1531 4375 1572 4419; x_wconf 82' lang='lat' dir='ltr'>ex</span> 
     </span>
     <span class='ocr_line' id='line_1_33' title="bbox 462 4455 1571 4543; baseline -0.002 -19"><span class='ocrx_word' id='word_1_248' title='bbox 462 4480 532 4524; x_wconf 90' lang='lat' dir='ltr'>vna</span> <span class='ocrx_word' id='word_1_249' title='bbox 574 4464 672 4543; x_wconf 87' lang='lat' dir='ltr'>parte</span> <span class='ocrx_word' id='word_1_250' title='bbox 716 4463 750 4521; x_wconf 87' lang='lat' dir='ltr'>et</span> <span class='ocrx_word' id='word_1_251' title='bbox 794 4456 975 4521; x_wconf 83' lang='lat' dir='ltr'>Elizabeth</span> <span class='ocrx_word' id='word_1_252' title='bbox 1020 4455 1231 4520; x_wconf 86' lang='lat' dir='ltr'>Huchonson</span> <span class='ocrx_word' id='word_1_253' title='bbox 1275 4456 1318 4519; x_wconf 91' lang='lat' dir='ltr'>de</span> <span class='ocrx_word' id='word_1_254' title='bbox 1360 4456 1571 4542; x_wconf 89' lang='lat' dir='ltr'>Wynkeslay</span> 
     </span>
     <span class='ocr_line' id='line_1_34' title="bbox 462 4559 1568 4646; baseline -0.002 -17"><span class='ocrx_word' id='word_1_255' title='bbox 462 4562 693 4636; x_wconf 89' lang='lat' dir='ltr'>Woddehous,</span> <span class='ocrx_word' id='word_1_256' title='bbox 725 4560 970 4646; x_wconf 91' lang='lat' dir='ltr'>parochianam</span> <span class='ocrx_word' id='word_1_257' title='bbox 1000 4559 1111 4623; x_wconf 88' lang='lat' dir='ltr'>n&#39;ram</span> <span class='ocrx_word' id='word_1_258' title='bbox 1141 4579 1183 4637; x_wconf 83' lang='lat' dir='ltr'>ex</span> <span class='ocrx_word' id='word_1_259' title='bbox 1214 4560 1321 4625; x_wconf 89' lang='lat' dir='ltr'>altera</span> <span class='ocrx_word' id='word_1_260' title='bbox 1351 4567 1450 4645; x_wconf 90' lang='lat' dir='ltr'>parte</span> <span class='ocrx_word' id='word_1_261' title='bbox 1482 4614 1489 4627; x_wconf 93' lang='lat'><strong><em>.</em></strong></span> <span class='ocrx_word' id='word_1_262' title='bbox 1523 4614 1530 4627; x_wconf 91' lang='lat'><strong>.</strong></span> <span class='ocrx_word' id='word_1_263' title='bbox 1562 4614 1568 4627; x_wconf 93' lang='lat'><strong>.</strong></span> 
     </span>
     <span class='ocr_line' id='line_1_35' title="bbox 460 4664 1565 4750; baseline -0.003 -17"><span class='ocrx_word' id='word_1_264' title='bbox 460 4669 564 4734; x_wconf 86' lang='lat' dir='ltr'>saluis</span> <span class='ocrx_word' id='word_1_265' title='bbox 605 4668 654 4750; x_wconf 86' lang='lat' dir='ltr'>(as</span> <span class='ocrx_word' id='word_1_266' title='bbox 692 4667 730 4731; x_wconf 78' lang='lat' dir='ltr'>in</span> <span class='ocrx_word' id='word_1_267' title='bbox 768 4666 833 4730; x_wconf 79' lang='lat' dir='ltr'>No,</span> <span class='ocrx_word' id='word_1_268' title='bbox 873 4666 962 4748; x_wconf 84' lang='lat'><strong>332).</strong></span> <span class='ocrx_word' id='word_1_269' title='bbox 1011 4664 1091 4728; x_wconf 90' lang='lat' dir='ltr'>Dat.</span> <span class='ocrx_word' id='word_1_270' title='bbox 1132 4665 1196 4728; x_wconf 90' lang='lat' dir='ltr'>sub</span> <span class='ocrx_word' id='word_1_271' title='bbox 1235 4664 1295 4749; x_wconf 86' lang='lat' dir='ltr'>sig.</span> <span class='ocrx_word' id='word_1_272' title='bbox 1336 4664 1565 4749; x_wconf 86' lang='lat' dir='ltr'>Commissarij</span> 
     </span>
     <span class='ocr_line' id='line_1_36' title="bbox 460 4768 1551 4861; baseline -0.003 -24"><span class='ocrx_word' id='word_1_273' title='bbox 460 4772 652 4861; x_wconf 89' lang='lat' dir='ltr'>penultimo</span> <span class='ocrx_word' id='word_1_274' title='bbox 671 4771 725 4836; x_wconf 90' lang='lat' dir='ltr'>die</span> <span class='ocrx_word' id='word_1_275' title='bbox 744 4770 870 4835; x_wconf 90' lang='lat' dir='ltr'>mensis</span> <span class='ocrx_word' id='word_1_276' title='bbox 888 4768 983 4852; x_wconf 88' lang='lat' dir='ltr'>Junij</span> <span class='ocrx_word' id='word_1_277' title='bbox 1006 4768 1108 4832; x_wconf 87' lang='lat' dir='ltr'>Anno</span> <span class='ocrx_word' id='word_1_278' title='bbox 1126 4768 1207 4832; x_wconf 80' lang='lat' dir='ltr'>D’ni</span> <span class='ocrx_word' id='word_1_279' title='bbox 1225 4779 1276 4831; x_wconf 90' lang='lat' dir='ltr'>m⁰</span> <span class='ocrx_word' id='word_1_280' title='bbox 1292 4780 1384 4833; x_wconf 88' lang='lat' dir='ltr'>cccc⁰</span> <span class='ocrx_word' id='word_1_281' title='bbox 1400 4770 1450 4833; x_wconf 84' lang='lat' dir='ltr'>lx⁰</span> <span class='ocrx_word' id='word_1_282' title='bbox 1465 4770 1551 4854; x_wconf 78' lang='lat' dir='ltr'>viij0.</span> 
     </span>
    </p>
   </div>
   <div class='ocr_carea' id='block_1_13' title="bbox 0 0 1980 5625">
    <p class='ocr_par' dir='ltr' id='par_1_13' title="bbox 0 0 1980 5625">
     <span class='ocr_line' id='line_1_37' title="bbox 0 0 1980 5625; baseline 0 7"><span class='ocrx_word' id='word_1_283' title='bbox 0 0 1980 5625; x_wconf 95' lang='lat' dir='ltr'> </span> 
     </span>
    </p>
   </div>
  </div>
 </body>
</html>
