3950 5625
439 722 504 806 246
726 724 806 788 Tne
830 723 986 787 Incursu
1010 721 1257 787 Manuscnnr.

439 903 635 978 eomndem‚
662 903 949 986 vestimentaque,
975 901 1090 975 libros,
1116 901 1268 975 calicem,
1295 907 1329 963 et
1357 900 1426 964 alia
1454 921 1561 964 orna-

439 1012 557 1070 menta
574 1007 801 1071 ecclesiastica
818 1005 862 1070 ad
878 1005 1075 1071 huiusmodi
1092 1005 1199 1069 altare
1215 1011 1250 1068 et
1266 1004 1462 1068 cantariam
1480 1025 1560 1088 per-

441 1111 600 1186 tinencia,
631 1133 670 1175 ac
699 1111 815 1174 omnia
842 1116 877 1174 et
906 1110 1040 1194 singula
1068 1110 1112 1173 ad
1140 1129 1241 1173 vsum
1270 1109 1360 1172 dicte
1389 1107 1561 1172 Cantarie

441 1215 610 1299 deputata
649 1222 684 1278 et
724 1215 898 1298 assignata
937 1236 977 1278 ac
1017 1213 1218 1296 deputanda
1257 1219 1292 1276 et
1331 1213 1559 1296 assignanda,

442 1326 627 1403 terrasque,
655 1319 819 1393 redditus,
846 1325 881 1382 et
907 1324 1106 1382 tenementa
1129 1317 1284 1401 predicta
1309 1317 1343 1380 in
1368 1316 1560 1381 sufficienti

441 1430 537 1487 statu
558 1424 729 1487 custodiet
750 1430 784 1486 et
805 1423 1013 1497 custodient,
1036 1444 1076 1486 ac
1096 1422 1165 1486 suis
1186 1421 1333 1505 proprijs
1353 1421 1560 1505 sumptibus

442 1533 477 1590 et
504 1527 661 1611 expensis
688 1547 767 1591 cum
794 1527 1003 1610 indiguerint
1031 1527 1252 1609 reparabunt,
1281 1526 1558 1608 supportabunt‚

442 1638 477 1695 et
489 1631 653 1706 reficiant,
667 1653 707 1694 ac
719 1631 851 1715 integra
863 1637 897 1694 et
909 1630 1006 1694 salua
1018 1630 1089 1694 sine
1101 1630 1350 1714 dilapidacione
1361 1629 1559 1694 secundum

442 1735 706 1818 possibilitatem
743 1735 929 1798 eomndem
965 1735 1141 1818 perpetuis
1177 1734 1302 1799 futuris
1339 1734 1560 1818 temporibus

442 1838 588 1903 fideliter
620 1840 908 1913 consueruabunt,
942 1845 977 1902 et
1008 1838 1050 1901 de
1081 1838 1208 1901 eisdem
1240 1838 1374 1901 fidelem
1407 1837 1559 1903 reddent

443 1943 613 2007 racionem
647 1944 805 2026 Capitulo
838 1943 1037 2026 supradicto
1069 1943 1231 2026 quociens
1263 1963 1305 2005 ex
1337 1948 1436 2025 parte
1469 1942 1558 2006 dicti

443 2048 592 2132 Capituli
618 2047 653 2111 in
677 2068 716 2111 ea
740 2053 838 2131 parte
862 2047 990 2111 fuerint
1012 2047 1176 2130 requisiti,
1201 2067 1261 2110 seu
1286 2067 1404 2110 eorum
1430 2045 1559 2130 aliquis

261 2147 417 2261 &³130th
444 2152 546 2216 luerit
584 2152 778 2235 requisitus
826 2152 872 2215 Et
910 2151 1049 2234 insuper
1085 2151 1245 2214 volumus
1282 2157 1317 2214 ct
1354 2149 1560 2215 ordinamus

261 2229 402 2330 ornlilleges
443 2256 536 2339 quod
557 2256 701 2339 quilibet
724 2255 814 2319 dicte
836 2255 996 2319 Cantarie
1017 2254 1214 2338 capellanus
1235 2255 1295 2338 qui
1316 2275 1378 2338 pro
1399 2260 1560 2338 tempore

443 2361 545 2424 fuerit
586 2360 620 2423 in
661 2359 801 2443 singulis
837 2359 993 2442 exequijs
1030 2358 1155 2423 futuris
1191 2358 1456 2442 imperpetuum,
1500 2359 1559 2422 die

442 2463 674 2545 Anniuersarij
697 2463 800 2527 Will’i
820 2463 862 2526 de
883 2463 1032 2546 Lynton‚
1051 2462 1162 2544 Joh'is
1181 2462 1223 2526 de
1243 2463 1393 2546 Lynton‚
1410 2461 1560 2547 Agnetis

442 2567 558 2631 vxoris
585 2589 655 2641 sue,
685 2589 725 2630 ac
752 2567 864 2649 Joh’is
892 2567 934 2630 de
962 2567 1088 2650 Feriby
1116 2573 1151 2630 et
1179 2566 1369 2650 Margarete
1395 2587 1455 2631 vx.
1485 2588 1559 2643 sue,

443 2672 602 2735 videlicet
619 2671 751 2735 decimo
768 2671 845 2755 viij⁰
862 2671 916 2735 die
933 2671 1060 2734 mensis
1078 2670 1283 2734 Nouembris
1300 2670 1398 2734 annis
1414 2671 1562 2755 singulis

443 2776 579 2851 futuris
600 2775 765 2840 ministris
784 2775 922 2840 ecclesie
939 2775 1125 2860 Collegiate
1137 2775 1334 2859 supradicte
1346 2775 1381 2839 in
1400 2776 1561 2861 exequijs

443 2880 639 2944 huiusmodi
683 2880 908 2963 personaliter
951 2880 1233 2944 interessentibus
1276 2887 1311 2944 et
1353 2901 1424 2943 non
1468 2880 1559 2964 alijs,

443 2985 603 3048 videlicet
621 3005 680 3048 sex
698 2984 848 3068 vicarijs,
868 2984 954 3048 duos
971 2984 1108 3059 solidos,
1127 3005 1186 3048 sex
1204 2984 1357 3049 diaconis
1374 2985 1561 3049 duodecim

444 3085 612 3163 denarios}
630 3088 869 3171 thuribularijs
886 3094 920 3151 et
938 3088 1095 3152 choristis
1112 3089 1203 3152 dicte
1220 3089 1357 3153 ecclesie
1374 3089 1559 3154 duodecim

445 3193 611 3267 denarios,
651 3192 954 3276 cantariarumque
994 3194 1094 3256 beate
1134 3192 1238 3256 Marie
1278 3193 1313 3256 in
1351 3193 1484 3277 capella
1523 3195 1560 3258 in

444 3297 564 3361 eadem
602 3296 742 3360 ecclesia
778 3301 914 3359 statuta
952 3302 986 3359 et
1025 3296 1091 3361 S'ci
1129 3297 1298 3379 Johannis
1336 3298 1560 3382 Euangeliste

445 3400 636 3484 Capellanis
664 3421 724 3463 sex
755 3400 924 3475 denarios,
955 3421 995 3464 ac
1027 3400 1174 3465 Sacriste
1205 3407 1356 3484 quatuor
1386 3402 1558 3478 denarios

265 3495 391 3611 Beiliiian
445 3511 480 3568 et
501 3506 723 3588 campanario
745 3523 805 3588 per
826 3503 944 3567 villam
968 3504 1092 3587 Ripon’
1116 3525 1323 3587 campanam
1344 3508 1502 3589 portanti
1524 3513 1560 3570 et

394 3598 399 3609 '
446 3609 556 3673 dictas
581 3608 744 3691 exequias
768 3608 1007 3691 proclamanti,
1029 3609 1115 3672 duos
1134 3608 1291 3673 denarios
1316 3610 1559 3694 sterlingorum

446 3712 688 3796 premissorum
703 3712 881 3776 occasione
896 3713 938 3776 de
953 3714 1057 3776 bursa
1072 3713 1211 3796 propria
1225 3713 1371 3777 fideliter
1385 3715 1559 3797 persoluet

447 3816 503 3880 illo
518 3816 572 3879 die
586 3816 808 3899 exequiarum
823 3817 952 3899 absque
966 3837 1073 3892 mora,
1089 3838 1151 3900 pro
1165 3817 1291 3900 quibus
1304 3838 1386 3881 vero
1400 3820 1559 3902 expensis

447 3920 482 3984 in
513 3919 674 4003 predictis
705 3920 859 4003 exequijs
890 3920 1054 3984 faciendis
1084 3921 1284 4005 supradicto
1314 3922 1396 3986 d’no
1428 3923 1559 3988 Rob'to

447 4025 587 4107 eiusque
620 4024 870 4089 successoribus
904 4024 995 4088 dicte
1030 4025 1189 4089 Cantarie
1223 4026 1415 4109 Capellanis
1448 4048 1558 4091 vnum

447 4128 660 4212 mesuagium
687 4127 722 4192 in
748 4128 935 4213 Westgate,
965 4128 1034 4192 duo
1061 4130 1236 4214 mesuagia
1262 4130 1297 4193 in
1324 4130 1497 4214 Skellgate
1523 4139 1558 4195 et

447 4252 556 4296 vnum
572 4232 785 4316 mesuagium
801 4232 836 4296 in
853 4232 1127 4317 Hallhalowgate
1142 4254 1210 4316 que
1225 4234 1402 4317 quondam
1419 4235 1558 4299 iuemnt

449 4335 560 4418 Joh'is
577 4342 611 4399 et
628 4336 731 4399 Will'i
749 4336 790 4400 de
808 4337 946 4420 Lynton
964 4343 998 4400 et
1016 4337 1061 4400 ad
1078 4358 1135 4400 eos
1151 4358 1212 4421 per
1228 4339 1370 4402 modum
1387 4339 1555 4422 excambij

261 4426 379 4489 :haplain
393 4430 423 4474 to
449 4441 663 4504 deuenerunt
698 4440 952 4523 imperpetuum
987 4441 1224 4505 conceduntur
1259 4448 1293 4505 et
1329 4442 1557 4525 assignantur.

261 4509 282 4540 ie
296 4496 426 4542 account-

261 4559 418 4608 2b1efora11
450 4544 523 4628 Que
556 4543 672 4608 omnia
705 4550 739 4607 et
771 4544 904 4628 singula
937 4545 1155 4620 vestimenta,
1190 4546 1304 4620 libros,
1338 4545 1489 4621 calicem,
1524 4557 1558 4609 et

261 4625 429 4755 hegfiffigt‘y
450 4655 564 4712 cetera
603 4647 806 4712 ornamenta
846 4648 1002 4731 predicta
1041 4649 1113 4732 ipse
1154 4649 1356 4734 Capellanus
1396 4649 1455 4734 qui
1496 4670 1557 4733 pro

450 4758 605 4837 tempore
632 4751 734 4815 fuerit
761 4751 795 4815 in
822 4772 884 4815 sua
911 4752 1023 4836 prima
1049 4753 1254 4817 admissione
1281 4773 1340 4837 per
1366 4753 1482 4817 literas
1508 4753 1557 4816 in·
