3950 5625
431 713 474 780 70
720 693 799 762 Tus
824 697 980 763 {Nonou
1004 697 1251 764 Manuscnn’r.

428 875 528 958 Joh’e
551 876 593 940 de
616 876 749 952 Hilton,
773 875 903 941 Gilb’to
925 877 968 941 de
992 878 1178 953 Mortirner,
1204 878 1289 964 Rog’
1314 879 1356 943 de
1379 879 1543 963 Saynter,

428 980 572 1045 Emulfo
592 980 634 1044 de
654 981 757 1057 Disci,
780 980 853 1046 Ric.
877 982 1124 1057 Inbreuiatore,
1145 983 1210 1047 Ad.
1232 984 1339 1067 Outy,
1361 989 1397 1048 et
1419 984 1544 1049 multis

428 1083 512 1149 aliis.

816 1253 903 1337 (100)
931 1255 987 1318 DE
1011 1271 1148 1319 sonan.

514 1406 615 1470 Omn.
646 1406 679 1470 h.
710 1427 771 1470 scr.
802 1407 871 1471 vid.
899 1408 964 1472 vel.
991 1408 1082 1483 aud,
1108 1408 1266 1473 Susanna
1294 1430 1381 1473 vxor
1411 1409 1540 1477 Ketelli

427 1510 552 1573 sutoris
578 1510 620 1574 de
648 1510 784 1594 Ripon’‚
812 1512 969 1576 salutem.
1017 1511 1162 1577 Nouerit
1188 1513 1395 1578 vniuersitas
1420 1520 1541 1579 vestra

426 1633 480 1676 me
492 1613 558 1678 fide
569 1614 683 1679 media
694 1635 800 1690 conc,
812 1615 881 1698 qui.
895 1616 970 1690 cla,
983 1621 1018 1680 et
1029 1617 1196 1701 presentis
1207 1617 1325 1701 scripti
1337 1617 1539 1683 testimonio

425 1718 514 1803 coni.
538 1718 667 1803 Mag'ro
688 1717 727 1783 G.
750 1719 792 1782 de
813 1719 914 1784 Lard’
937 1726 972 1783 et
993 1720 1065 1784 eius
1086 1720 1208 1805 assign.
1233 1721 1267 1785 in
1288 1741 1396 1804 perp,
1419 1727 1537 1787 totum

423 1813 476 1886 ius
499 1827 534 1886 et
562 1822 724 1887 clamium
752 1824 846 1907 quod
877 1845 1031 1908 vnquam
1063 1826 1169 1889 habui
1199 1825 1254 1888 vel
1282 1826 1408 1890 habere
1436 1827 1537 1909 potui

422 1926 560 1990 nomine
576 1926 668 1991 dotis
684 1927 718 1991 in
735 1932 827 1992 terra
842 1928 900 1993 illa
915 1949 1022 2012 quam
1041 1928 1196 1993 Ketellus
1211 1930 1264 1993 vir
1282 1949 1379 1994 meus
1402 1930 1433 1993 ei
1452 1951 1537 1995 ven·
1553 1962 1555 1965 ·

422 2029 510 2094 didit
534 2050 595 2114 per
615 2051 818 2096 consensum
837 2052 964 2107 meum,
981 2053 1087 2116 quam
1104 2038 1231 2098 terram
1247 2033 1360 2098 dictus
1378 2033 1536 2100 Ketellus

422 2134 476 2198 vir
499 2155 595 2199 meus
618 2136 731 2200 tenuit
755 2135 797 2199 de
814 2136 938 2219 Joh'ne
955 2137 997 2201 de
1015 2138 1149 2202 Lanum
1165 2137 1259 2221 apud
1276 2137 1418 2222 Speltre.
1467 2139 1535 2203 Pro

422 2238 487 2303 hac
507 2245 624 2304 autem
646 2239 697 2322 (32
718 2240 762 2324 v.)
785 2240 903 2324 quieta
927 2241 1126 2317 clamancia,
1148 2242 1261 2307 dictus
1281 2241 1320 2306 G.
1343 2242 1385 2306 de
1405 2242 1534 2307 Larder

422 2343 517 2407 dedit
530 2344 633 2408 michi
646 2344 835 2428 quamdam
848 2365 1020 2411 summam
1038 2346 1180 2429 pecunie
1196 2346 1231 2410 in
1247 2367 1373 2431 magno
1390 2347 1533 2431 negocio

421 2468 507 2512 meo
555 2448 609 2512 Ad
637 2447 802 2513 maiorem
830 2470 912 2513 vero
939 2449 1041 2514 huius
1070 2450 1116 2514 rei
1144 2450 1365 2515 securitatem
1393 2471 1532 2535 presens

420 2552 586 2636 scriptum
599 2552 659 2638 sig.
674 2573 718 2616 m.
734 2553 769 2616 in
785 2552 957 2637 pressione
974 2554 1143 2618 roboraui.
1192 2555 1235 2619 H.
1250 2560 1276 2619 t.
1292 2555 1390 2640 Rog„
1404 2555 1529 2631 Will'0,

420 2662 455 2720 et
475 2657 618 2732 Math'0,
640 2656 842 2741 CapellaniS,
862 2658 935 2722 Ric.
955 2659 1203 2734 Inbreuiatore,
1222 2659 1286 2723 Ad.
1304 2659 1399 2734 Outi‚
1414 2659 1528 2724 Gilb’o

419 2760 461 2825 de
482 2761 667 2837 Mortimer,
690 2762 834 2827 Emulio
855 2762 897 2827 de
918 2763 1029 2839 Disce,
1048 2763 1133 2849 Rog.
1152 2764 1182 2828 le
1199 2764 1332 2848 Saynt',
1355 2770 1388 2829 et
1409 2765 1528 2830 multis

306 2926 308 2929 .
419 2865 503 2931 aliis.

805 3047 893 3127 (101)
921 3048 977 3111 DE
1002 3064 1139 3112 nonen.

505 3202 606 3267 Vniv.
628 3202 687 3286 xpi
707 3202 864 3267 fidelibus
884 3203 928 3267 ad
947 3224 1035 3287 quos
1051 3224 1101 3288 pr.
1119 3224 1181 3267 scr.
1203 3204 1407 3287 peruenerit,
1428 3204 1528 3287 Joh's

418 3307 460 3371 de
481 3307 626 3383 Lanum,
648 3308 805 3372 salutem.
853 3308 904 3372 Sc.
927 3328 982 3372 me
1003 3308 1079 3372 ded.
1102 3328 1196 3372 conc.
1219 3309 1307 3373 eth.
1330 3329 1362 3392 p.
1385 3330 1413 3373 c.
1435 3310 1526 3374 conf.

419 3410 555 3476 Ketello
578 3411 686 3476 sutori
712 3411 754 3475 de
780 3411 904 3494 Ripon'
930 3412 1058 3476 ether.
1084 3433 1109 3476 s,
1135 3412 1190 3475 vel
1216 3412 1288 3477 eius
1314 3414 1436 3498 assign.
1465 3434 1528 3499 pro

417 3516 577 3601 homagio
604 3521 639 3579 et
666 3536 753 3579 serv.
783 3536 855 3591 su0,
885 3522 998 3581 totam
1025 3522 1104 3580 terr.
1133 3537 1240 3601 quam
1267 3538 1329 3602 ego
1356 3523 1458 3582 teneo
1485 3518 1527 3582 de

417 3620 540 3685 Nich'o
562 3620 604 3684 de
630 3620 764 3704 Hewyk
789 3620 824 3684 in
850 3621 1024 3685 territorio
1049 3621 1091 3685 de
1118 3620 1232 3705 Ripon
1257 3621 1357 3686 iuxta
1382 3622 1526 3706 Speltre‚

417 3724 554 3789 tenend.
574 3724 616 3788 de
633 3744 687 3788 me
704 3730 739 3788 et
756 3725 825 3789 her.
844 3745 889 3789 m.
908 3724 943 3789 in
961 3725 1062 3789 feodo
1079 3731 1113 3788 et
1130 3725 1333 3802 hereditate,
1350 3725 1383 3791 li.
1402 3732 1438 3790 et
1454 3726 1525 3811 qui.

418 3828 609 3894 Reddendo
630 3827 709 3892 inde
730 3828 834 3893 michi
855 3835 889 3893 et
911 3830 980 3893 her.
1004 3851 1050 3893 m.
1074 3830 1254 3894 annuatim
1276 3829 1360 3912 vjd.,
1383 3851 1428 3895 sc.
1452 3830 1525 3914 iijd.

418 3934 462 3999 ad
480 3934 577 3997 Pent.
597 3939 632 3996 et
648 3932 719 4016 iijd.
739 3933 783 3998 ad
800 3934 822 3998 f.
841 3933 873 3998 S.
892 3934 936 3998 M.
955 3954 1017 4017 pro
1033 3953 1124 3999 omn.
1143 3954 1230 3999 serv.
1249 3955 1340 3999 cons.
1359 3940 1394 3998 et
1411 3955 1525 4001 exacc.

418 4044 453 4101 et
472 4038 516 4103 ab
535 4037 627 4102 omni
646 4058 681 4101 re
700 4038 744 4102 ad
761 4044 887 4102 terram
904 4038 1107 4121 pertinente.
1156 4039 1229 4123 Ego
1245 4039 1414 4122 siquidem
1430 4041 1525 4123 pred.

418 4142 536 4225 Joh'es
559 4147 594 4205 et
618 4142 686 4206 her.
713 4163 757 4207 m.
784 4143 1084 4208 warantizabimus
1115 4149 1149 4206 et
1181 4143 1403 4208 defendemus
1430 4146 1525 4228 pred.

418 4253 497 4312 terr.
516 4247 609 4330 pred.
631 4246 767 4311 Ketello
785 4252 820 4311 et
838 4248 907 4311 her.
926 4268 951 4311 s.
969 4247 1025 4310 vel
1043 4247 1115 4311 eius
1131 4247 1253 4332 assign.
1272 4254 1393 4313 contra
1409 4269 1527 4313 omnes

418 4351 453 4416 in
474 4351 643 4415 omnibus.
692 4352 757 4415 Pro
777 4351 843 4415 hac
858 4357 975 4416 autem
992 4351 1180 4416 donacione
1196 4351 1287 4415 idem
1309 4351 1409 4416 Ketel
1430 4353 1526 4418 dedit

419 4455 522 4520 michi
544 4455 579 4519 in
596 4454 762 4520 Gersuma
781 4455 815 4538 iij
838 4476 971 4521 marcas
991 4456 1123 4541 argenti
1139 4475 1146 4531 ;
1171 4462 1211 4519 vt
1231 4463 1348 4521 autem
1368 4458 1431 4521 hec
1449 4479 1527 4524 mea

420 4559 565 4625 donacio
588 4582 608 4625 a
630 4560 766 4624 nemine
788 4560 823 4624 in
846 4560 992 4644 posteris
1009 4560 1222 4644 temporibus
1244 4561 1352 4645 possit
1375 4561 1524 4647 infringi,

421 4669 614 4750 presentem
637 4665 798 4749 paginam
821 4665 880 4749 sig.
906 4685 950 4729 m.
969 4664 1187 4748 apposicione
1210 4666 1379 4730 roboraui.
1428 4666 1472 4730 H.
1497 4672 1523 4731 t.

421 4769 551 4855 Mag'ro
571 4768 611 4833 A.
634 4769 676 4833 de
698 4768 864 4845 Richem'‚
886 4769 968 4833 d'no
988 4769 1041 4833 W.
1063 4769 1105 4833 de
1125 4769 1269 4845 Orbem,
1288 4769 1327 4834 G.
1346 4769 1388 4833 de
1409 4770 1524 4846 Lard',
