3950 5625
433 733 498 782 210
578 701 579 705 ¹
717 721 796 784 Tne
821 720 977 785 munau
1001 718 1248 783 blanuscum.

434 896 476 960 de
488 897 641 963 Allerton
662 897 749 982 (sic)¹
763 899 797 964 in
815 899 988 964 Shirwode
1001 897 1212 962 celebrandis
1228 917 1289 980 pro
1302 897 1414 962 salute
1431 897 1550 962 anime

434 1021 518 1076 mee,
552 1010 735 1086 parentum
768 1024 807 1067 ac
840 1004 1100 1068 benefactorum
1133 1021 1297 1076 meorum,
1331 1022 1467 1065 necnon
1502 1002 1548 1066 ad

434 1104 659 1172 distribuend.
683 1108 773 1173 inter
794 1128 961 1192 pauperes
983 1107 1121 1181 ibidem,
1146 1105 1222 1190 xijs.
1271 1105 1361 1169 Item
1383 1106 1460 1191 lego
1483 1127 1547 1190 pro

434 1210 676 1276 emendacione
705 1212 884 1276 cuiusdam
914 1211 1061 1275 fenestre
1090 1211 1124 1274 in
1154 1210 1294 1274 ecclesia
1323 1210 1480 1294 predicta
1509 1210 1542 1274 in

434 1312 572 1397 Capella
591 1316 692 1380 beate
713 1316 818 1380 Marie
838 1315 966 1380 ibidem
986 1321 1021 1379 et
1042 1314 1232 1379 remocione
1252 1314 1423 1399 ymaginis
1443 1315 1544 1379 beate

435 1416 539 1481 Marie
567 1419 693 1484 ibidem
721 1420 764 1484 ad
793 1441 898 1485 comu
927 1419 1072 1493 altaris,2
1100 1418 1189 1502 xiijs.
1219 1417 1302 1502 iiijd.
1351 1418 1443 1482 Item
1470 1419 1545 1503 lego

435 1520 587 1586 Roberto
599 1524 784 1609 Flemyngj
799 1524 931 1608 peciam
943 1523 1157 1597 deauratam,
1169 1521 1203 1605 iij
1218 1521 1324 1586 bolles
1334 1522 1377 1586 de
1389 1528 1544 1607 argento

261 1608 378 1724 “051ssssssss
388 1623 420 1658 or
434 1624 456 1707 ij
486 1625 593 1690 Selers
619 1627 661 1692 de
687 1634 839 1713 argento,
867 1634 902 1691 et
928 1627 974 1710 xij
1003 1648 1095 1691 noua
1121 1626 1285 1690 Cocliaria
1310 1625 1352 1690 de
1378 1626 1543 1712 Argento.

435 1729 524 1792 Item
537 1730 610 1815 lego
623 1732 667 1797 ad
679 1733 811 1797 dictum
825 1733 933 1796 altare
945 1732 1046 1795 beate
1059 1731 1164 1794 Marie
1175 1750 1283 1794 vnum
1295 1730 1545 1796 vestimentum

434 1834 551 1899 album
562 1856 641 1900 cum
654 1837 766 1901 calice.
815 1837 905 1900 Item
917 1836 992 1920 lego
1004 1855 1066 1919 pro
1078 1835 1175 1899 obitu
1188 1835 1381 1910 annuatim,
1395 1836 1546 1900 durante

432 1939 578 2004 termino
591 1941 732 2025 triginta
745 1961 923 2016 annorum,
938 1961 1000 2024 pro
1012 1939 1123 2003 salute
1136 1939 1248 2002 anime
1260 1959 1344 2014 mee,
1359 1946 1546 2022 parentum

432 2063 472 2106 ac
491 2044 750 2109 benefactorum
770 2065 924 2109 meorum
944 2043 1072 2108 ibidem
1092 2043 1338 2118 continuando,
1359 2044 1422 2108 lxs.
1445 2045 1543 2127 viijd.

433 2147 522 2211 Item
535 2149 608 2233 lego
621 2149 751 2213 Thome
764 2149 888 2232 Emlay
901 2149 943 2212 de
956 2149 1111 2212 Allerton
1125 2146 1209 2230 (sic),
1221 2146 1310 2230 xiijs.
1326 2147 1411 2230 iiijd.
1454 2149 1545 2213 Item

431 2251 505 2336 lego
542 2253 641 2317 vxori
678 2253 821 2336 predicti
859 2253 1002 2317 Roberti
1040 2252 1206 2335 Flemyng
1242 2251 1252 2334 j
1292 2251 1425 2335 peciam
1464 2274 1543 2318 cum

431 2364 634 2440 coopertura
657 2358 699 2421 de
723 2364 874 2441 argento
899 2356 910 2440 j
937 2357 1026 2420 boxe
1050 2355 1092 2420 de
1116 2361 1258 2439 argento
1281 2376 1343 2440 pro
1367 2356 1505 2441 specijs,
1529 2358 1539 2440 j

432 2461 587 2525 forcelett
618 2482 696 2525 cum
728 2463 879 2544 pereles3
909 2467 944 2524 et
975 2460 1052 2543 alijs
1083 2459 1404 2542 113133331113111113ἴ
1454 2461 1544 2525 Item

432 2565 572 2629 cuilibet
605 2585 710 2649 puero
742 2565 825 2629 dicti
859 2565 977 2629 Rob'ti
1011 2564 1188 2648 Flemyng,
1222 2584 1296 2628 xxs.
1345 2564 1439 2629 Item>
1470 2566 1544 2651 lego

434 2669 578 2753 xpoforo
594 2669 850 2754 Maynyngham
865 2668 1026 2733 seruienti
1041 2689 1128 2743 me0‚
1150 2667 1159 2751 j
1183 2667 1315 2751 peciam
1330 2667 1372 2732 de
1387 2676 1543 2754 argento

433 2773 443 2855 j
473 2786 652 2850 murram,4
677 2773 710 2858 vj
736 2773 900 2838 coclearia
920 2779 1091 2858 argentea,
1112 2793 1221 2837 vnum
1240 2792 1379 2858 equum,
1400 2780 1436 2838 et
1456 2774 1493 2841 C.
1516 2795 1542 2841 s.

435 2878 524 2942 Item
546 2878 620 2963 lego
642 2878 723 2942 d'no
746 2879 879 2963 Rogero
899 2878 1071 2953 Marshall‚
1089 2877 1276 2962 capellano,
1299 2877 1309 2960 j
1332 2884 1488 2961 portws5
1510 2887 1544 2944 et

434 2982 495 3047 xls.
544 2982 633 3046 Item
666 2983 740 3067 lego
774 2982 903 3046 Rob’to
937 2981 1072 3046 Norton
1105 2982 1179 3057 xls,
1214 2988 1249 3045 et
1282 2982 1398 3046 relaxo
1432 2984 1544 3049 eidem

434 3079 587 3151 Roberto
612 3087 695 3151 alios
720 3087 781 3151 xls.
808 3107 894 3170 quos
919 3086 991 3169 ipse
1015 3086 1119 3149 michi
1144 3086 1293 3150 debebat
1317 3106 1359 3150 ex
1384 3089 1542 3170 prestito

435 3191 524 3255 Item
554 3190 628 3275 lego
660 3191 762 3255 Petro
793 3190 881 3254 Coco
912 3211 988 3254 meo
1020 3190 1054 3253 in
1086 3189 1228 3274 regardo
1259 3190 1351 3254 vltra
1381 3192 1544 3257 salariam

433 3315 541 3370 suam,
564 3295 676 3379 xxvjs.
699 3294 796 3379 viijd.
845 3295 934 3358 Item
955 3294 1030 3378 lego
1050 3294 1200 3358 Will'mo
1221 3294 1359 3378 Philipp
1379 3296 1544 3362 seruienti

433 3419 509 3463 meo
541 3399 584 3463 ad
617 3398 861 3463 inueniendum
893 3419 971 3463 eum
1005 3399 1049 3462 ad
1081 3398 1200 3473 scolas,
1234 3398 1296 3463 xls.
1345 3399 1436 3463 Item
1468 3402 1545 3487 lego

432 3504 581 3568 Will'mo
604 3510 640 3567 at
664 3503 776 3568 Wodd
799 3502 843 3567 ad
865 3503 1085 3567 iueniendum
1113 3503 1226 3586 ipsum
1249 3502 1293 3567 ad
1318 3504 1427 3568 scolas
1450 3506 1544 3571 vltra

433 3606 589 3672 denarios
617 3627 679 3690 pro
707 3628 747 3672 eo
775 3613 939 3690 receptos,
969 3628 1044 3671 xxs.
1093 3607 1183 3671 Item
1211 3607 1285 3691 lego
1315 3607 1412 3671 Ric’o
1442 3608 1545 3674 Collis

434 3711 461 3773 si
481 3711 734 3775 continuauerit
755 3712 789 3775 in
809 3710 951 3775 seruicio
970 3731 1047 3775 meo
1066 3731 1175 3795 vsque
1195 3711 1239 3775 ad
1259 3712 1394 3775 obitum
1414 3733 1542 3791 meum,

433 3814 498 3897 vjs.
530 3814 625 3898 viijd.
657 3815 749 3879 vltra
779 3815 938 3879 salariam
968 3835 1077 3879 suam.
1127 3815 1216 3879 Item
1246 3814 1320 3900 lego
1351 3816 1544 3901 Margarete

261 4059 403 4107 marsuam.
434 4022 616 4107 Capellano
638 4024 681 4088 ad
703 4024 893 4088 celebrand.
917 4023 952 4087 in
973 4024 1113 4087 ecclesia
1134 4026 1187 4089 be.
1211 4024 1316 4087 Marie
1337 4024 1379 4088 de
1400 4024 1541 4090 Amote-

433 4127 531 4190 sham
566 4127 601 4190 in
637 4128 881 4211 principalibus
916 4127 1012 4190 iestis
1050 4133 1085 4191 et
1129 4127 1205 4211 alijs
1250 4128 1464 4211 temporibus
1496 4131 1541 4194 ad

434 4231 659 4305 exercendum
686 4232 840 4297 studium
868 4232 902 4295 in
929 4231 1154 4295 vniuersitate
1181 4232 1314 4296 Oxonie
1341 4252 1402 4316 per
1427 4232 1540 4297 visum

505 4372 511 4393 ¹
531 4367 663 4423 Ollerton,
676 4383 693 4415 a
702 4369 873 4431 chapelryin
885 4369 932 4416 the
946 4368 1040 4431 parish
1051 4368 1081 4415 of
1094 4368 1290 4422 Edwinstowe,
1302 4372 1377 4416 must
1391 4367 1425 4417 be
1435 4375 1538 4417 meant.

500 4458 663 4507 ²Brackets
688 4459 730 4507 ior
754 4460 858 4521 images
883 4460 939 4507 still
964 4460 1070 4507 remain
1096 4460 1123 4507 in
1150 4460 1198 4507 the
1223 4464 1283 4507 east
1308 4460 1384 4508 walls
1410 4461 1439 4509 of
1463 4476 1538 4509 some

428 4539 568 4587 churches.

499 4634 509 4664 ³
528 4632 551 4677 A
564 4629 636 4677 little
652 4634 667 4651 “
678 4630 765 4678 torcer
774 4631 790 4651 ''
805 4645 835 4677 or
848 4631 932 4678 cofler
946 4630 1014 4678 with
1028 4631 1125 4693 pearls.

498 4728 507 4756 ⁴
527 4724 548 4767 A
563 4735 617 4782 cup
632 4722 713 4769 made
726 4721 755 4768 ο1
769 4736 859 4769 mazer
873 4737 903 4769 or
916 4722 1029 4785 spotted
1044 4723 1143 4786 maple.

497 4816 506 4850 ⁵
524 4814 549 4859 A
562 4812 691 4879 porthors
705 4826 735 4861 or
748 4813 885 4879 breviary.
