3950 5625
701 680 794 744 Acrs
817 697 863 743 or
886 680 1065 744 Cunerum
1376 696 1437 743 201

334 858 407 941 ipsa
442 858 597 922 cantaria
630 865 664 922 et
699 858 768 923 suis
803 859 1030 942 occupacione
1065 865 1099 922 et
1135 858 1345 942 possessione
1380 877 1440 941 per

333 962 522 1046 capitulum
538 962 683 1045 Riponie
698 963 870 1027 antedicte
885 963 1069 1026 summarie
1084 968 1119 1026 et
1134 962 1176 1025 de
1190 962 1294 1045 plano
1309 963 1439 1045 absque

334 1066 473 1150 stripitu
503 1065 627 1149 Judicij
660 1072 696 1130 et
724 1066 833 1151 figura
863 1067 1017 1130 totaliter
1046 1067 1246 1150 expellatur.
1296 1067 1439 1150 Insuper
1487 1072 1509 1118 Α
1525 1074 1621 1147 yearly

333 1170 492 1235 volumus
530 1177 564 1234 et
604 1170 800 1234 ordinamus
839 1169 932 1254 quod
970 1171 1115 1254 quilibet
1155 1171 1246 1234 dicte
1285 1171 1438 1234 cantarie
1487 1139 1557 1269 John
1570 1157 1606 1190 ⁰¹¹

334 1274 528 1358 capellanus
546 1275 606 1359 qui
625 1295 687 1359 pro
706 1280 859 1359 tempore
880 1275 983 1338 fuerit
1003 1275 1108 1338 faciat
1128 1275 1262 1338 obitum
1282 1274 1438 1339 anniuer-

333 1379 460 1443 sarium
492 1380 745 1463 imperpetuum
777 1379 938 1443 vicesimo
971 1379 1077 1442 tercio
1108 1379 1163 1443 die
1195 1379 1320 1442 mensis
1353 1378 1435 1461 Julij

333 1504 411 1547 cum
442 1483 596 1567 exequijs
626 1484 662 1547 in
689 1504 828 1566 vespere
855 1483 1069 1567 precedente,
1098 1484 1162 1547 nisi
1194 1484 1372 1568 contingat
1404 1483 1439 1547 in

334 1587 514 1663 dominica,
534 1593 617 1652 tunc
634 1588 688 1652 die
705 1588 903 1651 immediate
919 1588 1123 1670 precedente
1139 1588 1193 1650 vel
1209 1589 1439 1672 subsequente

332 1692 394 1755 fiat
416 1693 531 1756 obitus
552 1692 749 1756 antedictus
772 1713 834 1776 pro
856 1692 1038 1756 animabus
1061 1692 1207 1756 fratrum
1229 1698 1262 1756 et
1284 1713 1439 1756 sororum

333 1797 658 1880 benefactorumque
690 1796 917 1860 fraternitatis
945 1796 1097 1879 predicte
1121 1803 1156 1859 et
1180 1796 1334 1861 omnium
1359 1796 1439 1860 fide-

332 1900 416 1964 lium
445 1901 686 1965 defunctorum
715 1901 813 1964 annis
836 1900 977 1984 singulis
1006 1901 1141 1974 futuris,
1166 1901 1330 1965 ministris
1359 1901 1437 1965 eccl.

333 2005 407 2069 coll.
439 2005 635 2089 supradicte
665 2005 820 2088 exequijs
851 2005 951 2068 huius
982 2006 1097 2068 obitus
1128 2004 1351 2088 personaliter
1380 2005 1440 2088 qui

334 2109 492 2173 intersint
507 2109 571 2173 nisi
586 2115 740 2172 cessante
755 2130 860 2173 causa
874 2108 1028 2193 legitima
1043 2115 1077 2172 et
1093 2129 1161 2171 non
1177 2109 1264 2192 alijs,
1281 2108 1439 2173 videlicet
1456 2107 1638 2219 Palylnen'tsdt

333 2234 391 2277 sex
410 2213 547 2296 vicarijs
566 2214 652 2277 duos
670 2213 806 2289 solidos
827 2234 886 2277 sex
905 2213 1057 2277 diaconis
1077 2213 1122 2295 xij
1145 2212 1311 2287 denarios¹
1333 2213 1440 2276 thuri·
1473 2188 1612 2295 Ὴζῗῇζῐζῗ

334 2317 476 2401 bularijs
498 2323 533 2381 et
555 2318 712 2381 choristis
734 2317 915 2382 duodecim
938 2318 1106 2392 denarios,
1130 2316 1269 2380 sacriste
1291 2323 1442 2400 quatuor

335 2422 500 2496 denarios
531 2426 565 2484 et
593 2423 814 2505 campanario
843 2443 903 2506 per
931 2421 1050 2485 villam
1080 2420 1205 2504 Ripon’
1236 2442 1442 2504 campanam

334 2526 486 2610 portanti
518 2531 552 2589 et
583 2525 694 2589 dictas
725 2527 885 2609 exequias
916 2526 1144 2610 proclamanti
1175 2526 1261 2589 duos
1286 2526 1442 2589 denarios

333 2630 473 2712 sterling
518 2631 759 2714 premissorum
810 2631 1009 2695 occasione*
1051 2630 1093 2693 de
1149 2632 1253 2694 bursa
1304 2630 1442 2714 propria

335 2735 497 2819 persoluit
523 2734 579 2798 illo
603 2735 658 2798 die
682 2735 904 2819 exequiarum
928 2735 1074 2798 fideliter
1097 2736 1226 2820 absque
1250 2755 1355 2799 mora.
1395 2734 1440 2798 Et

335 2840 428 2923 quod
459 2840 549 2904 dicte
580 2841 732 2904 cantarie
763 2839 940 2923 capellano
971 2841 1031 2924 qui
1062 2860 1123 2923 pro
1155 2846 1308 2924 tempore
1339 2840 1441 2905 fuerit

336 2944 487 3008 inueniet
511 2951 545 3008 et
569 2951 740 3009 sustentet
764 2945 1020 3028 imperpetuum
1043 2945 1220 3028 quoddam
1244 2944 1359 3009 lumen
1383 2965 1442 3008 sex
1457 2953 1479 2999 Α
1494 2952 1564 3015 light
1578 2952 1608 3001 ot
1617 2954 1638 3000 si

337 3048 546 3112 torchiarum
585 3049 833 3132 portandorum
877 3048 947 3131 (sic)
991 3054 1025 3111 et
1065 3048 1367 3113 illuminandorum
1408 3048 1442 3112 in
1463 3020 1638 3148 252}dessss

338 3152 432 3216 festis
453 3152 669 3216 Assencionis
691 3153 841 3228 Domini,
865 3153 1023 3237 Corporis
1046 3153 1127 3236 Xpi,
1151 3159 1185 3217 et
1208 3153 1273 3217 S’ci
1296 3152 1442 3217 Wilfridi

337 3256 372 3320 in
405 3256 618 3340 Autumpn0.
666 3258 712 3320 Et
747 3262 828 3321 ante
862 3277 1005 3341 corpora
1040 3258 1186 3321 fratrum
1220 3263 1255 3321 et
1288 3277 1443 3321 sororum

338 3366 552 3426 mortuorum
580 3361 634 3425 die
662 3361 836 3445 sepulture
863 3382 923 3425 sue
951 3367 986 3425 et
1014 3361 1049 3425 in
1078 3361 1230 3426 obitibus
1258 3361 1442 3425 eorundem

339 3466 438 3530 factis
463 3466 508 3530 ad
532 3466 640 3529 altare
665 3466 868 3549 predictum,
895 3465 1024 3530 scilicet
1049 3466 1115 3530 S’ci
1140 3466 1269 3530 Thome
1295 3466 1443 3530 Martiris

338 3569 372 3633 in
409 3570 549 3634 ecclesia
584 3570 793 3653 supradicta.
841 3571 887 3633 Et
923 3570 1077 3654 quinque
1113 3571 1279 3636 ceriorum
1316 3570 1443 3635 ibidem
1457 3581 1545 3629 Other
1563 3579 1639 3644 ugho

339 3680 419 3738 ante
434 3674 541 3738 altare
557 3673 750 3758 predictum
764 3694 867 3758 super
881 3674 1126 3739 candelabrum
1142 3675 1443 3740 illuminandorum

338 3778 477 3863 singulis
517 3778 696 3843 dominicis
736 3784 771 3841 et
812 3778 999 3842 maioribus
1040 3779 1233 3862 duplicibus
1274 3780 1369 3844 festis
1408 3780 1443 3844 in

338 3889 491 3967 tempore
510 3882 592 3947 alte1
610 3883 721 3957 misse,
739 3882 1002 3958 matutinarum,
1020 3889 1054 3947 et
1074 3903 1304 3967 vesperarum,
1321 3885 1444 3949 saltem

338 3987 373 4052 in
419 3986 605 4050 maioribus
652 3986 846 4070 duplicibus
894 4008 1073 4071 quousque
1121 3987 1243 4051 fratres
1290 3989 1444 4053 moderni

339 4090 565 4155 fraternitatis
588 4090 741 4174 predicte
765 4090 988 4175 migrauerint
1013 4087 1066 4154 ab'
1082 4112 1122 4154 ac
1149 4091 1218 4173 (sic)
1246 4092 1330 4156 luce.
1378 4093 1444 4157 Pro
1495 4094 1611 4142 uentos

338 4195 463 4280 quibus
484 4215 564 4258 vero
585 4195 742 4279 expensis
763 4195 927 4259 faciendis
948 4194 1102 4278 predicto
1122 4195 1299 4279 capellano
1320 4203 1354 4260 et
1374 4198 1444 4261 suis
1462 4160 1573 4274 ¹³⁸jaffi'
1585 4160 1638 4274 ἔξω

339 4299 587 4365 successoribus
603 4299 787 4384 capellanis
803 4299 955 4364 cantarie
972 4299 1123 4382 predicte
1139 4321 1274 4364 annuus
1290 4300 1444 4365 redditus
1501 4292 1624 4341 stretton.

339 4403 519 4467 tresdecim
549 4403 735 4467 solidorum
765 4409 800 4466 et
830 4408 981 4487 quatuor
1010 4402 1227 4467 denariorum
1257 4403 1372 4468 exiens
1402 4404 1444 4468 de

339 4508 474 4572 duobus
495 4507 678 4591 mesuagijs
700 4514 734 4571 et
756 4512 907 4590 quatuor
928 4506 1076 4569 bouatas
1101 4506 1170 4589 (sic)
1196 4512 1284 4570 terre
1306 4507 1341 4570 in
1363 4508 1444 4571 villa

339 4617 374 4675 et
399 4610 570 4675 territorio
594 4610 636 4673 de
661 4610 813 4685 Skelton,
839 4629 906 4694 que
930 4629 1040 4693 nuper
1064 4608 1201 4675 fuerunt
1227 4610 1315 4674 Ric’i
1340 4611 1444 4676 Ward

1507 1208 1555 1271 uly
1572 1222 1613 1269 23.

1457 2407 1504 2455 the
1523 2406 1639 2455 bellmar

411 4769 419 4793 ¹
440 4769 455 4786 “
466 4764 529 4813 Alte
538 4764 553 4782 ’'
569 4762 699 4825 repeated
713 4725 741 4810 in
755 4762 803 4811 the
816 4761 873 4811 MS.
