3950 5625
478 675 541 740 288
765 677 843 742 Tne
869 678 1026 742 luorissx
1050 678 1298 745 quuscmrr.

477 863 564 920 trem
590 857 661 920 siue
688 857 883 922 ministrum
909 878 1149 942 quemcunque
1176 857 1220 921 ad
1247 859 1386 942 aliquod
1416 858 1532 924 altare
1562 861 1597 925 in

476 961 616 1025 ecclesia
645 967 762 1026 nostra
792 962 873 1026 Coll.
905 963 1082 1026 antedicta
1110 962 1324 1038 celebranda,
1355 964 1479 1028 statim
1511 972 1594 1048 post

477 1067 681 1131 fraccionem
699 1067 809 1130 hostie
826 1073 859 1130 et
877 1054 1158 1131 decantacioriem
1177 1067 1241 1130 Per
1252 1068 1367 1131 omnia
1380 1068 1508 1143 secula,
1524 1058 1592 1134 etc.

274 1165 449 1280 ὦῗῆἒιξζὲζι
476 1179 511 1235 et
538 1178 619 1236 ante
645 1171 901 1236 incohacionem
930 1171 1002 1235 Pax
1029 1171 1179 1246 Domini,
1206 1172 1380 1236 celebrans
1405 1173 1489 1256 ipse,
1521 1195 1594 1239 una

299 1270 418 1361 ann'siy
476 1296 555 1340 cum
580 1276 644 1339 sibi
670 1275 910 1340 assistentibus
936 1275 1100 1339 ministris
1126 1276 1215 1339 inter
1239 1296 1275 1339 se
1299 1282 1334 1340 et
1359 1277 1485 1341 chorus
1511 1298 1593 1361 pro-

263 1364 462 1481 theseapqaims
475 1387 606 1445 stratus
625 1380 790 1454 similiter,
811 1380 900 1444 inter
917 1400 952 1443 se
971 1399 1034 1463 pro
1052 1380 1165 1443 anime
1183 1386 1296 1444 vestre
1315 1381 1426 1446 salute
1445 1382 1593 1467 singulis

289 1498 431 1558 surianos.
476 1485 596 1548 diebus
613 1485 869 1568 imperpetuum
887 1485 1001 1568 legent
1018 1490 1052 1547 et
1070 1483 1186 1548 dicent
1204 1485 1354 1569 psalmos
1370 1491 1405 1548 et
1422 1487 1590 1572 suffragia

474 1589 666 1673 sequencia,
698 1587 868 1663 videlicet,
901 1588 992 1651 Voce
1023 1608 1100 1651 mea
1130 1589 1175 1652 ad
1206 1588 1394 1654 Dominum
1424 1590 1589 1667 clamaui,

474 1700 550 1767 etc,
570 1700 603 1757 et
622 1693 793 1778 psalmum
808 1693 858 1756 De
871 1692 1052 1776 profundis
1062 1712 1141 1757 cum
1154 1713 1240 1757 vers
1256 1692 1371 1757 Gloria
1386 1694 1492 1769 Patri,
1506 1701 1588 1771 etc,

473 1797 568 1861 Sicut
599 1803 682 1872 emt,
715 1804 791 1871 etc,
824 1796 869 1860 ad
899 1796 1003 1860 finem
1033 1797 1212 1880 vtriusque
1242 1797 1376 1881 psalmi,
1406 1819 1478 1862 vna
1503 1820 1588 1864 cum

475 1901 602 1985 Kyriel.
621 1901 739 1985 Xpeel.
759 1901 899 1985 Kyryel.
918 1901 1021 1965 Pater
1034 1907 1150 1964 noster
1164 1907 1198 1964 et
1213 1901 1287 1965 Aue
1303 1901 1410 1965 Maria
1426 1922 1432 1976 ;
1459 1901 1587 1967 deinde

472 2006 646 2070 celebrans
665 2006 755 2069 dicet
775 2011 809 2068 et
828 2006 951 2069 chorus
970 2010 1009 2068 vt
1029 2005 1133 2068 moris
1151 2011 1203 2068 est
1222 2005 1453 2089 respondebit,
1474 2008 1522 2071 Et
1542 2029 1587 2072 ne

471 2131 534 2174 nos
570 2110 721 2182 inducas
760 2116 837 2184 etc,
876 2109 941 2173 Sed
972 2109 1079 2173 libera
1115 2130 1177 2173 nos
1209 2130 1229 2173 a
1262 2110 1362 2174 malo.
1412 2110 1585 2196 Requiem

471 2221 636 2288 eternam,
655 2221 719 2278 etc.
768 2215 814 2278 Et
832 2214 891 2277 lux
909 2220 1087 2297 perpetua,
1106 2219 1171 2278 etc.
1218 2214 1249 2277 A
1266 2220 1367 2298 porta
1384 2215 1496 2291 inferi,
1516 2223 1583 2282 etc.

471 2317 579 2382 Credo
610 2318 724 2382 videre
756 2319 847 2381 bona
878 2317 1027 2391 Domini,
1060 2323 1124 2382 etc.
1158 2317 1314 2393 Domine,
1346 2319 1483 2394 exaudi,
1516 2327 1582 2386 etc.

470 2423 639 2488 Dominus
684 2423 874 2496 vobiscum,
921 2423 968 2486 Et
1005 2442 1085 2486 cum
1122 2422 1245 2505 spiritu
1283 2429 1354 2488 tuo,
1423 2425 1581 2492 Oremus
1652 2442 1655 2448 ’

469 2528 606 2592 Adiuua
623 2548 685 2591 nos
703 2528 795 2592 Deus
812 2527 974 2591 salutaris
992 2533 1117 2602 noster,
1136 2533 1170 2590 et
1188 2527 1383 2591 beatissime
1399 2531 1583 2613 genetricis

469 2639 527 2696 tue
546 2632 786 2716 gloriosissime
805 2651 939 2714 semper
956 2631 1097 2715 virginis
1118 2632 1222 2695 Marie
1240 2632 1397 2716 precibus
1416 2641 1581 2700 exoratus

469 2737 620 2801 animam
640 2736 759 2800 famuli
779 2736 830 2800 tui
850 2735 952 2821 Regis
972 2735 1111 2799 Henrici
1136 2736 1279 2821 Septimi
1303 2737 1337 2800 in
1361 2738 1580 2804 beatitudine

468 2843 674 2926 sempiterne
692 2842 777 2905 lucis
795 2841 967 2905 constitue
986 2860 1047 2925 per
1066 2841 1171 2925 Xpm,
1191 2848 1255 2907 etc.

284 2986 372 3034 when
387 2986 429 3061 hi*
555 2983 722 3047 Volumus
751 2982 891 3065 insuper
917 2988 952 3045 et
980 3001 1042 3065 per
1068 2988 1242 3065 presentes
1269 2984 1488 3049 concedimus
1517 3007 1579 3070 pro

261 3054 452 3169 „aissaffivn
467 3088 565 3152 nobis
593 3094 627 3151 et
656 3087 908 3152 successoribus
935 3086 1071 3161 nostris
1100 3086 1194 3171 quod
1222 3108 1301 3151 cum
1328 3088 1444 3153 obitus
1471 3092 1578 3155 vestri

284 3195 317 3303 {fl
329 3202 368 3242 ¹¹⁵·
383 3201 423 3299 Wf‘
467 3191 539 3256 dies
560 3192 658 3255 nobis
679 3190 906 3255 denunciatus
927 3210 987 3254 seu
1008 3191 1237 3274 quouismodo
1257 3193 1439 3277 congnitus
1460 3194 1575 3270 fuerit,

261 3258 453 3369 ilicilirttle
467 3298 501 3360 in
521 3297 641 3360 eodem
661 3296 714 3359 die
734 3296 761 3358 si
781 3293 960 3359 commode
979 3294 1051 3358 fieri
1071 3296 1209 3379 poterit,
1230 3296 1382 3381 alioquin
1402 3318 1499 3382 prox.
1522 3299 1576 3363 die

262 3390 352 3504 2¹23}
367 3388 441 3502 {¹11¹ss
467 3407 631 3485 sequente
659 3400 891 3485 exequiarum,
921 3399 1081 3463 Officium
1109 3419 1188 3464 cum
1215 3421 1341 3465 novem
1368 3402 1575 3469 leccionibus

261 3493 444 3597 ot'uequieni,
467 3527 507 3570 ac
538 3504 724 3578 Laudibus
755 3510 789 3568 et
820 3504 928 3567 eciam
958 3503 1061 3567 Missa
1090 3503 1132 3567 de
1164 3504 1331 3589 Requiem
1361 3506 1395 3570 in
1425 3510 1575 3573 crastino

260 3588 443 3710 ζνὲῇξοζῗθζζζι
468 3618 551 3675 tunc
567 3615 741 3694 sequente,
760 3629 838 3672 cum
854 3607 1059 3691 specialibus
1076 3608 1226 3673 collectis
1241 3630 1367 3675 nomen
1383 3612 1574 3677 maiestatis

466 3721 580 3778 vestre
622 3712 903 3797 exprimentibus
941 3732 1012 3775 vna
1048 3732 1127 3776 cum
1163 3713 1330 3777 vniuersis
1374 3717 1495 3780 ceteris
1539 3724 1572 3781 et

465 3819 605 3904 singulis
633 3817 858 3891 oracionibus,
888 3816 1070 3901 suffragijs
1099 3817 1296 3894 luminibus,
1325 3839 1572 3904 campanarum

465 3923 730 4008 pulsacionibus,
752 3926 787 3984 et
808 3920 885 4004 alijs
906 3921 940 3984 in
961 3921 1026 3984 hac
1046 3926 1145 4004 parte
1166 3923 1338 4006 requisitis
1357 3930 1392 3987 et
1413 3926 1572 3991 conueni-

463 4029 611 4102 entibus
639 4047 717 4090 cum
743 4032 827 4089 nota
853 4031 926 4089 tarn
952 4025 1175 4109 solempniter
1199 4032 1234 4089 et
1260 4027 1385 4091 deuote
1410 4029 1571 4094 celebrari

463 4133 638 4206 iaciemus
658 4131 746 4194 sicut
765 4129 858 4193 aliud
876 4129 1099 4212 exequiarum
1117 4130 1266 4195 officium
1284 4131 1338 4195 vel
1356 4139 1570 4199 mortuorum

463 4236 635 4320 exequias
658 4234 866 4318 quicumque
889 4232 1016 4296 tuerint
1039 4234 1074 4297 in
1097 4233 1224 4298 Eccl'ia
1245 4241 1364 4300 nostra
1385 4236 1569 4323 Collegiata

463 4340 649 4413 antedicta,
670 4337 878 4421 solempnius
900 4343 934 4400 et
955 4337 1117 4402 deuocius
1144 4338 1313 4403 celebrare
1337 4345 1495 4406 tenemur
1516 4342 1569 4406 vel

462 4445 630 4510 celebrare
649 4442 900 4507 consueuimus.

551 4587 591 4651 In
609 4606 637 4651 c.
657 4606 682 4650 r.
703 4591 728 4650 t.
748 4584 895 4669 sigillum
913 4591 1070 4648 nostrum
1087 4604 1269 4650 commune
1286 4588 1501 4670 presentibus
1518 4594 1568 4651 est

462 4711 663 4776 appensum.
711 4690 792 4754 Dat.
838 4689 873 4753 in
917 4689 1021 4752 domo
1064 4694 1182 4753 nostra
1226 4688 1424 4773 Capitulari,
1468 4692 1568 4757 Anno

461 4796 601 4863 Domini
620 4794 762 4858 Mill'mo
780 4793 1054 4879 quingentesimo
1073 4794 1206 4877 quinto
