3950 5625
791 703 886 768 Acis
907 719 954 766 or
975 701 1155 766 (nmen.
1466 701 1531 785 267

420 886 662 972 prenominato
706 884 822 947 literas
866 881 1103 965 acquietancie
1147 882 1255 944 nostri
1301 882 1450 966 Capituli
1496 889 1531 946 et

421 1009 654 1055 successorum
687 987 838 1051 n'rorum
870 985 1078 1048 solucionem
1106 984 1199 1048 illam
1227 986 1462 1060 testificantes,
1495 993 1531 1050 et

422 1099 602 1179 portantes
623 1093 704 1156 Dat.
728 1091 763 1154 in
784 1090 840 1154 do,
863 1088 921 1152 Ca.
944 1089 1025 1152 eccl,
1048 1088 1131 1152 (011,
1154 1089 1197 1152 de
1221 1089 1357 1174 Ripon'‚
1381 1091 1528 1155 habend.

422 1204 458 1262 et
473 1197 679 1283 percipiend.
696 1196 829 1260 dictum
843 1214 999 1257 annuum
1014 1193 1188 1257 redditum
1203 1194 1321 1259 decem
1336 1216 1530 1260 marcarum

422 1302 662 1388 sterlingorum
680 1300 715 1365 in
734 1300 844 1363 forma
863 1297 1018 1382 predicta
1036 1299 1135 1362 nobis
1154 1300 1289 1382 prelato
1307 1300 1364 1364 Ca.
1385 1307 1420 1364 et
1438 1321 1528 1366 succ.

422 1409 505 1474 n'ris
522 1409 565 1473 de
582 1407 664 1472 diet.
685 1404 800 1470 Priore
818 1409 853 1466 et
871 1402 1053 1467 Conuentu
1071 1412 1106 1466 et
1124 1424 1214 1468 succ.
1233 1425 1260 1468 s.
1280 1404 1484 1490 imperp'm;

513 1555 658 1640 Etcum
674 1571 813 1655 insuper
829 1570 933 1653 ijdem
947 1570 1001 1634 Pr.
1015 1579 1051 1633 et
1062 1570 1169 1634 (unu,
1185 1592 1246 1655 per
1257 1572 1347 1636 idem
1363 1574 1529 1658 scriptum
1573 1582 1627 1630 ano
1642 1584 1714 1657 qino:

423 1700 524 1744 suum
539 1683 779 1743 concesserunt
795 1676 894 1739 nobis
910 1674 1062 1759 prelatos
1076 1674 1134 1738 Ca.
1158 1681 1194 1738 et
1216 1696 1306 1740 succ,
1324 1676 1416 1751 n'ris,
1436 1676 1530 1762 quod
1544 1648 1674 1764 {¹¹g{,‚⁸⁹‘',l¹
1687 1662 1714 1775 f:

423 1784 734 1870 quocienscumque
758 1781 822 1865 ipsi
849 1781 946 1844 Prior
968 1787 1004 1842 et
1029 1777 1136 1841 Conu,
1162 1799 1204 1842 ac
1227 1800 1370 1844 success,
1396 1781 1448 1845 sui
1473 1782 1571 1846 dein
1591 1782 1699 1831 iteranti

424 1888 576 1962 iecerint,
595 1893 657 1951 aut
673 1886 796 1971 aliquis
811 1905 954 1948 success,
972 1901 1112 1945 suorum
1128 1881 1290 1947 delecerit
1307 1883 1341 1947 in
1363 1884 1529 1960 luturum,
1556 1854 1713 1965 lllffilvl

424 1993 459 2057 in
486 1992 658 2057 solucione
684 1991 768 2054 dicti
796 1990 901 2053 annui
929 1986 1084 2052 redditus
1110 1986 1227 2051 decem
1256 2008 1449 2053 marcanrm
1477 1988 1530 2053 vel
1568 1984 1646 2032 ΨΜ
1660 1982 1713 2031 ‘¹¹¹⁰

424 2097 566 2162 alicuius
595 2095 740 2181 parcelle
768 2094 920 2158 eiusdem
949 2091 994 2157 ad
1023 2090 1164 2175 aliquod
1195 2092 1320 2156 lestum
1349 2092 1532 2158 solucionis

424 2202 503 2266 inde
532 2201 687 2285 superius
716 2199 916 2271 limitatum,
945 2196 1075 2260 tociens
1101 2195 1183 2259 dict.
1215 2196 1268 2260 Pr,
1297 2204 1332 2261 ct
1362 2197 1468 2263 Conv.
1498 2204 1532 2262 et

422 2324 630 2370 successores
645 2303 698 2368 sui
717 2302 852 2367 soluent
873 2301 972 2366 nobis
996 2300 1119 2384 prelat.
1142 2300 1200 2365 Ca.
1222 2310 1257 2364 et
1276 2322 1365 2366 succ.
1387 2303 1469 2366 n'ris
1489 2302 1533 2367 ad

422 2410 530 2474 altare
554 2408 747 2494 predictum
770 2407 1003 2492 quadraginta
1025 2405 1153 2469 solidos
1176 2406 1315 2470 nomine
1341 2427 1439 2491 pene,
1465 2428 1534 2472 vna

423 2535 502 2579 curn
532 2512 711 2598 arreragijs
741 2510 825 2575 dicti
855 2510 962 2575 annui
993 2509 1148 2574 redditus
1177 2511 1297 2575 decem
1327 2532 1532 2587 marcarum,

423 2619 468 2685 ad
504 2639 611 2704 quam
649 2616 790 2701 quidem
828 2616 1037 2680 solucionem
1075 2615 1306 2700 quadraginta
1344 2616 1534 2681 solidorum

422 2724 585 2809 quociens
600 2723 682 2787 dict.
702 2722 755 2785 Pr.
774 2728 809 2785 et
828 2721 935 2786 Conu.
956 2740 1017 2783 seu
1035 2740 1245 2784 successores
1264 2721 1316 2784 sui
1336 2720 1532 2797 delecerint,

423 2835 485 2894 aut
501 2828 625 2914 aliquis
642 2847 786 2891 success.
805 2847 946 2892 suorum
963 2825 1126 2889 deiecerit
1145 2825 1179 2889 in
1197 2826 1370 2890 solucione
1389 2826 1534 2911 predicti

422 2934 576 2999 redditus
600 2933 719 2997 decem
743 2952 937 2996 marcarum
958 2929 1013 2994 vel
1035 2929 1178 2994 alicuius
1200 2931 1345 3014 parcelle
1369 2931 1533 3007 eiusdem,

422 3038 467 3103 ad
486 3038 626 3124 aliquod
646 3038 773 3102 festum
792 3037 975 3102 solucionis
994 3037 1073 3101 inde
1095 3039 1384 3121 prenominatum,
1406 3039 1534 3123 obligu-

422 3149 503 3209 runt
533 3144 625 3227 ipsos
657 3143 808 3206 Priorem
836 3149 870 3206 et
901 3142 1120 3206 Conuentum
1148 3148 1183 3205 et
1210 3162 1299 3206 succ.
1325 3163 1351 3207 s.
1378 3143 1412 3207 in
1439 3143 1532 3207 dictu

421 3247 651 3333 quadraginta
685 3246 873 3310 solidorum
908 3266 969 3330 per
1003 3245 1196 3329 predictum
1229 3247 1396 3330 scriptum
1430 3268 1531 3312 suum

422 3352 521 3416 nobis
540 3350 676 3435 prelato
695 3349 855 3434 Capitulo
874 3356 909 3413 et
928 3370 1072 3415 success.
1094 3352 1176 3414 n'ris
1194 3351 1369 3415 soluenda.

512 3532 560 3595 Et
574 3549 657 3595 cum
668 3529 806 3612 insuper
820 3528 924 3611 ijdem
941 3530 994 3594 Pr.
1013 3537 1047 3593 et
1062 3530 1167 3595 Conu.
1186 3530 1350 3614 peridem
1366 3531 1531 3615 scriptum
1563 3546 1617 3594 unq
1631 3549 1658 3620 oi
1674 3547 1710 3593 [ιν

422 3654 523 3699 suum
541 3654 603 3717 pro
621 3653 657 3696 se
674 3639 709 3696 et
727 3653 816 3697 succ.
836 3654 862 3697 s,
883 3636 1110 3699 concesserint
1130 3635 1310 3719 imperp'm
1329 3635 1427 3700 nobis
1446 3612 1712 3727 1›r‹=l.¹('Jf¹{,}{¹¹‚¹22²,²:

422 3737 478 3803 Ca.
508 3744 543 3801 et
569 3758 658 3801 succ.
688 3759 720 3801 n.
749 3737 843 3821 quod
870 3739 898 3802 si
926 3739 989 3822 ipsi
1018 3738 1071 3803 Pr.
1100 3747 1134 3802 et
1163 3739 1268 3803 Conu.
1298 3760 1356 3805 seu
1384 3760 1472 3805 succ.
1502 3761 1527 3805 s.
1596 3745 1694 3798 utnvo.

421 3842 655 3927 allegauerint‚
681 3862 739 3906 seu
764 3842 887 3925 aliquis
910 3844 1048 3906 nomine
1071 3864 1133 3907 suo
1157 3843 1364 3928 alleguuerlt‚
1390 3843 1528 3929 aliquod
1599 3827 1623 3875 μ’
1641 3819 1698 3870 riq.

421 3948 588 4033 scriptum
608 3948 740 4011 lactum
761 3947 814 4009 vel
834 3948 1108 4031 acquietancium
1127 3948 1309 4012 solucionis
1325 3949 1407 4013 dicti
1425 3949 1529 4014 uniiui

421 4053 576 4118 redditus
600 4053 716 4116 decem
741 4072 933 4116 marcarum
956 4050 1010 4114 vel
1034 4051 1177 4115 alicuius
1201 4052 1344 4135 porcello
1367 4052 1529 4122 eiiistleni.

422 4156 457 4221 in
482 4156 764 4221 exonerucionem
788 4155 970 4218 solucionis
995 4154 1078 4219 dicti
1104 4156 1209 4220 annui
1235 4156 1389 4221 redditus
1414 4156 1530 4221 decem

423 4280 615 4325 marcarum
637 4279 695 4322 seu
718 4258 800 4322 dict.
824 4258 1056 4342 quadraginta
1078 4260 1265 4324 solidorum
1287 4262 1423 4325 nomine
1446 4282 1531 4345 pene

422 4385 483 4449 pro
503 4365 641 4429 delectu
659 4362 842 4427 solucionis
861 4362 945 4425 dicti
966 4364 1072 4428 annui
1093 4362 1246 4428 redditus
1265 4363 1382 4428 decem
1402 4385 1530 4428 marcu·

422 4489 498 4534 rum
537 4468 592 4532 vel
632 4466 774 4531 alicuius
809 4466 953 4549 parcelle
989 4467 1141 4531 eiusdem
1180 4487 1426 4538 concessurum,
1468 4467 1530 4532 nisi

423 4571 667 4638 tantummodo
702 4570 976 4653 acquietanciam
1012 4577 1073 4635 aut
1108 4570 1274 4653 scriptum
1309 4570 1532 4634 reluxueionis

423 4678 532 4743 nostri
546 4674 696 4761 Capituli
710 4681 853 4757 portans
867 4675 948 4741 Dat.
964 4675 999 4738 in
1014 4674 1068 4738 do.
1084 4672 1141 4736 Ca.
1157 4674 1236 4738 eccl.
1252 4673 1333 4737 Coll.
1349 4673 1391 4737 de
1406 4673 1530 4757 Ripon'

423 4782 568 4866 predict.
599 4787 635 4845 et
665 4778 799 4843 liberat.
827 4778 861 4842 in
896 4779 1016 4846 eadem
1047 4778 1150 4842 domo
1181 4779 1251 4854 Ca„
1279 4778 1350 4842 siue
1381 4775 1532 4863 aliquam
