3950 5625
459 723 523 807 248
728 723 827 788 lus
852 722 1009 790 Incursu
1033 722 1281 789 Manuscrupr.

458 904 685 968 effectualiter
720 923 789 968 non
820 903 949 977 lecerit,
982 913 1044 967 aut
1081 903 1116 967 in
1152 902 1337 967 collacione
1373 901 1580 966 huiusmodi

269 1017 302 1065 In
316 1032 378 1066 case
391 1017 420 1065 of
458 1007 611 1072 cantarie
629 1027 669 1072 ac
687 1006 888 1071 induccione
906 1007 1102 1070 huiusmodi
1120 1007 1290 1090 necligens
1308 1005 1423 1080 fuerit,
1443 1011 1580 1070 extunc

266 1083 429 1212 ffepffssgsffgz
459 1112 618 1176 volumus
639 1117 674 1174 et
696 1110 895 1175 ordinamus
916 1111 1010 1195 quod
1032 1111 1097 1174 illis
1118 1111 1252 1175 vicibus
1273 1116 1308 1173 et
1330 1110 1394 1172 illis
1416 1109 1579 1173 vacacio-

276 1217 305 1281 οἱ
319 1216 404 1265 York.
459 1216 570 1289 nibus,
582 1215 729 1279 durante
739 1215 946 1299 necligencia
956 1214 1163 1290 huiusmodi,
1175 1215 1262 1278 bene
1272 1214 1373 1278 liceat
1383 1212 1578 1277 venerabili

459 1319 549 1403 patri
571 1325 606 1382 et
628 1319 720 1394 d'no‚
745 1319 835 1383 D'no
858 1320 960 1384 Ebor.
985 1319 1167 1403 Archiep'o
1188 1319 1268 1382 sede
1289 1318 1391 1402 plena
1413 1317 1468 1381 de1
1493 1318 1577 1381 sede

458 1429 605 1487 vacante
628 1444 704 1488 ven.
730 1423 889 1506 Capitulo
913 1424 1004 1488 Eccl.
1030 1424 1148 1498 Ebor.‚
1173 1423 1257 1506 Jure
1280 1429 1397 1486 tamen
1420 1422 1577 1506 Capituli

458 1528 537 1591 ecel.
558 1527 671 1610 Ripon
688 1527 841 1610 predicte
857 1527 973 1611 quoad
990 1528 1126 1592 futuras
1141 1527 1343 1591 vacaciones
1359 1526 1394 1590 in
1411 1526 1577 1591 omnibus

458 1651 592 1714 semper
613 1632 719 1706 saluo,
743 1631 873 1695 dictam
896 1631 1095 1695 Cantariam
1117 1631 1207 1716 gilde
1229 1637 1263 1694 et
1286 1630 1404 1695 altaris
1425 1630 1574 1714 predict.

458 1735 518 1799 vni
544 1734 728 1819 Capellano
754 1735 899 1800 honesto
925 1741 960 1799 et
985 1735 1121 1819 ydoneo
1147 1735 1300 1799 conferre
1325 1740 1360 1798 et
1386 1733 1574 1818 assignare,

459 1846 494 1903 et
514 1839 627 1923 ipsum
648 1839 870 1922 Capellanum
891 1839 926 1903 in
946 1839 1091 1904 eandem
1111 1839 1303 1904 cantariam
1323 1837 1439 1903 induci
1460 1838 1575 1902 facere

458 1950 498 2007 vt
540 1943 720 2026 prefertur,
764 1943 987 2028 prelatusque
1030 1943 1107 2007 d’ns
1150 1943 1333 2017 Robertus,
1377 1962 1438 2026 per
1479 1964 1575 2006 nunc

459 2047 662 2131 capellanus
679 2047 770 2112 dicte
788 2048 958 2124 Cantarie,
977 2070 1018 2113 ac
1034 2068 1153 2113 omnes
1170 2054 1204 2111 et
1221 2046 1344 2131 singuli
1361 2067 1575 2110 successores

458 2152 511 2216 sui
525 2151 677 2216 eiusdem
693 2152 852 2217 Cantarie
868 2153 975 2216 futuri
991 2152 1158 2236 capellani
1173 2152 1208 2216 in
1223 2151 1363 2235 singulis
1378 2150 1574 2215 collacioni·

267 2251 394 2365 hapragns
414 2254 445 2298 to
459 2258 524 2320 bus
539 2254 735 2320 huiusmodi
748 2256 908 2320 Cantarie
924 2256 1089 2322 faciendis
1105 2257 1198 2321 dicto
1211 2255 1397 2319 venerabili
1410 2255 1575 2339 Capitulo

274 2332 417 2433 edilnlcrar
459 2360 538 2425 eccl.
562 2359 643 2424 Coll.
667 2360 791 2445 Ripon'
814 2367 849 2424 et
869 2361 939 2425 suis
959 2381 1053 2425 more
1073 2360 1175 2425 solito
1195 2359 1364 2443 prestabit
1384 2365 1420 2423 et
1439 2366 1575 2443 presta-

266 2450 446 2579 {eedfflgte‘ss'
459 2466 548 2529 bunt
568 2464 768 2529 canonicam
789 2465 1025 2529 obedienciam
1045 2465 1139 2549 quod
1158 2465 1228 2528 sint
1248 2463 1400 2528 eiusdem
1420 2464 1576 2548 Capituli

273 2585 302 2632 ol
316 2583 417 2646 Ripon.
458 2569 529 2632 suis
554 2569 767 2652 temporibus
791 2569 922 2633 subditi
947 2576 981 2633 et
1007 2569 1152 2633 subiecti
1176 2574 1280 2653 prout
1305 2567 1361 2652 alij
1389 2567 1508 2652 vicarij
1538 2575 1574 2632 et

460 2673 607 2738 ministri
626 2673 763 2737 ecclesie
784 2674 908 2758 Ripon'
929 2674 1092 2758 predicte.

266 2879 430 2941 cnstooyor
551 2852 592 2915 ln
626 2873 773 2936 quorum
807 2853 961 2918 omnium
997 2854 1233 2917 testimonium
1268 2874 1309 2917 ac
1342 2852 1445 2916 fidem
1480 2854 1576 2937 parti

266 2946 436 3061 'gffsffifffie
462 2955 563 3019 huius
586 2956 767 3020 indenture
789 2957 861 3021 siue
883 2963 976 3021 carte
1000 2958 1173 3041 tripartite
1194 2978 1298 3041 penes
1320 2956 1452 3021 dictum
1475 2956 1576 3022 d’nm

266 3078 425 3128 ludenture.
463 3058 630 3123 Rob’tum
649 3060 794 3124 Witton'
816 3061 1038 3145 Capellanum
1057 3067 1092 3124 et
1110 3082 1190 3126 suos
1208 3081 1416 3125 successores
1435 3061 1575 3127 futuros

461 3163 655 3247 capellanos
680 3166 871 3229 remanenti
896 3165 1006 3250 sigilla
1031 3172 1150 3230 nostra
1174 3172 1256 3229 sunt
1281 3174 1444 3249 appensa,
1472 3166 1574 3231 alteri

460 3288 542 3331 vero
564 3269 655 3352 parti
677 3290 781 3353 penes
803 3290 866 3333 nos
888 3292 928 3334 ac
951 3270 1074 3334 fratres
1096 3276 1131 3333 et
1153 3290 1284 3333 sorores
1306 3270 1395 3354 gilde
1417 3270 1575 3354 predicte

460 3372 650 3436 remanenti
667 3373 815 3457 sigillum
832 3373 1036 3437 venerabilis
1053 3373 1203 3457 Capituli
1219 3373 1419 3457 supradicti,
1437 3395 1574 3440 necnon

459 3475 606 3560 sigillum
621 3476 703 3541 dicti
718 3477 790 3541 d'ni
805 3477 924 3542 Rob'ti
938 3478 1073 3543 Witton
1086 3478 1254 3561 capellani
1267 3499 1330 3562 pro
1342 3498 1378 3541 se
1391 3484 1426 3542 et
1440 3499 1574 3544 succes-

459 3579 592 3644 soribus
605 3582 675 3644 suis
688 3581 779 3645 dicte
793 3582 952 3646 Cantarie
966 3582 1092 3646 tuturis
1106 3582 1297 3666 Capellanis
1310 3588 1392 3647 sunt
1405 3603 1572 3667 appensa,

460 3684 507 3747 Et
523 3685 626 3748 tercie
641 3686 732 3769 parti
748 3707 852 3770 penes
868 3686 1000 3750 dictum
1016 3685 1210 3751 venerabile
1227 3686 1425 3771 Capitulum
1443 3688 1572 3773 Ripon'

459 3790 650 3852 remanenti
670 3810 732 3874 pro
752 3811 792 3855 eo
812 3790 906 3875 quod
926 3790 1073 3875 sigillum
1089 3811 1271 3855 commune
1291 3791 1336 3855 ad
1357 3811 1480 3855 manus
1500 3814 1572 3858 non

459 3891 626 3957 habemus
648 3894 796 3978 sigillum
820 3895 973 3959 Decani²
996 3895 1121 3978 Ripon’
1147 3895 1274 3979 apponi
1298 3896 1571 3979 procurauimus,

459 4016 591 4060 necnon
627 3998 686 4083 sig.
725 3998 795 4062 d'ni
833 3999 950 4063 Rob'ti
987 3999 1121 4064 Witton
1157 3998 1331 4083 Capellani
1366 4020 1428 4084 pro
1463 4021 1499 4064 se
1535 4008 1571 4066 et

458 4102 708 4166 successoribus
731 4103 801 4166 suis
824 4109 876 4166 est
900 4123 1101 4187 appensum.
1150 4103 1228 4187 Hijs
1253 4104 1409 4180 testibus,
1435 4104 1571 4170 Thoma

460 4203 730 4289 Markyngfeilde
754 4205 872 4281 Milite,
898 4206 1031 4292 Rogero
1054 4207 1189 4283 Warde,
1214 4207 1363 4272 Will'mo
1386 4209 1567 4285 Fencotez,

459 4306 559 4389 Joh'e
586 4309 708 4393 Pygot,
736 4309 886 4374 Will'mo
912 4310 1080 4386 Tanieild,
1108 4311 1257 4375 Will'mo
1283 4312 1407 4387 Stowe,
1434 4312 1569 4377 Thoma

458 4410 500 4474 de
533 4412 716 4496 Balderby,
751 4420 785 4477 et
818 4414 904 4497 alijs
953 4416 1034 4479 Dat.
1069 4416 1162 4499 apud
1196 4415 1320 4499 Ripon’
1354 4422 1479 4499 quarto
1511 4416 1568 4481 die

456 4513 642 4581 Nouembr.
663 4517 764 4581 Anno
783 4517 864 4582 D'ni
884 4518 1026 4582 Mill'mo
1045 4534 1163 4583 cccc¹¹¹0
1180 4525 1279 4582 sexto
1298 4519 1440 4584 decimo.

457 4653 556 4660 ——.-
560 4656 654 4661 --..-.
658 4657 753 4662 —.-
764 4658 854 4663 -α

526 4722 533 4744 ¹
554 4718 589 4766 So
603 4719 630 4766 in
643 4719 710 4776 MS„
725 4735 812 4783 query
829 4721 896 4768 “vel
906 4720 922 4740 ’'
937 4734 968 4769 or
983 4720 1085 4770 “et''?

524 4815 534 4838 ⁹
552 4811 610 4860 The
624 4812 711 4861 Rural
725 4812 812 4862 Dean.
