3950 5625
489 706 551 773 128
773 709 802 773 T
804 725 852 773 nr
877 708 1033 773 lucum
1056 706 1303 772 Munuscrurr.

484 885 555 950 d'ni
582 887 623 952 R.
649 889 692 952 de
716 888 757 952 N.
784 889 897 952 vltimi
921 887 1083 952 Canonici
1107 893 1141 950 et
1165 885 1378 970 prebendarij
1406 887 1607 951 eorundem

483 1000 658 1066 vacantes,
674 1000 708 1057 et
723 994 786 1057 sibi
803 1046 809 1058 .
828 1047 834 1058 .
852 1005 873 1058 ,¹
892 993 975 1077 (per)
993 991 1311 1057 reuerendissimum
1325 990 1360 1054 in
1374 1011 1444 1074 xpo
1458 1001 1606 1074 patrem

482 1102 516 1158 et
529 1095 635 1170 d'nm,
647 1097 742 1160 d'nm
752 1096 814 1161 Th.
827 1096 1047 1181 permissione
1057 1096 1174 1160 diuina
1184 1096 1371 1160 Eboracen.
1383 1096 1602 1180 Archiep'm,

482 1199 602 1284 Anglie
622 1203 816 1285 primatem,
838 1207 873 1265 et
893 1201 1080 1284 apostolice
1099 1200 1188 1264 sedis
1208 1201 1360 1284 legatum
1380 1200 1539 1276 collatos,
1564 1209 1603 1265 te

483 1304 516 1368 in
540 1325 721 1388 personam
744 1306 880 1370 discreti
903 1305 967 1369 viri
992 1304 1062 1369 d’ni
1086 1304 1137 1369 W.
1163 1305 1205 1368 de
1231 1305 1286 1380 K,
1311 1304 1490 1388 capellani,
1516 1327 1601 1388 pro-

481 1411 649 1473 curatoris
662 1410 712 1474 tui
724 1409 949 1474 sufficientem
962 1409 997 1472 in
1009 1410 1073 1473 hac
1085 1416 1183 1493 parte
1194 1415 1404 1493 potestatem
1416 1409 1595 1484 habentis,

481 1534 520 1577 ac
540 1515 651 1598 ipsum
675 1521 931 1599 procuratorem
953 1515 1116 1578 nomine.
1138 1565 1144 1577 .
1166 1528 1188 1577 .¹
1210 1513 1294 1595 (tuo)
1310 1511 1541 1587 admittimus,
1562 1522 1600 1578 et

482 1639 541 1702 per
578 1619 654 1682 libri
693 1619 917 1685 tradicionem
956 1618 1158 1683 inuestimus
1196 1617 1332 1681 realiter
1368 1616 1410 1681 de
1448 1617 1595 1693 eisdem,

481 1723 689 1807 stallumque
713 1725 747 1787 in
772 1725 885 1798 choro,
911 1724 1093 1806 locumque
1116 1723 1151 1785 in
1175 1721 1334 1805 Capitulo
1357 1721 1458 1785 dictis
1482 1721 1597 1787 Cano-

480 1828 609 1891 nicatui
632 1835 665 1891 et
688 1827 860 1911 prebende
882 1827 1091 1910 pertinentes
1114 1825 1176 1889 tibi
1199 1846 1238 1889 ac
1260 1824 1353 1889 dicto
1374 1828 1593 1908 procuratori

480 1932 617 1996 nomine
651 1940 711 1996 tuo
745 1931 997 2016 assiglnalmus,
1031 1931 1231 2013 dictumque
1264 1930 1360 1993 d'nm
1394 1929 1593 1995 Robertum

480 2035 617 2100 nomine
641 2057 703 2101 suo
727 2036 761 2100 in
786 2036 996 2119 corporalem
1021 2034 1267 2119 possessionem
1291 2034 1381 2097 dicte
1405 2035 1592 2117 prebende,

479 2161 558 2204 curn
578 2141 648 2205 suis
668 2141 797 2205 iuribus
817 2147 851 2204 et
872 2141 1092 2224 pertinencijs
1112 2140 1289 2214 vniuersis,
1310 2159 1371 2223 per
1389 2139 1486 2203 d’nm
1506 2139 1589 2222 Joh.

481 2244 616 2309 Rednes
627 2245 945 2309 subthesaurarium
956 2245 1093 2309 ecclesie
1104 2250 1219 2308 nostre
1230 2244 1392 2328 predicte,
1405 2244 1593 2309 actualiter

479 2349 593 2414 induci
625 2350 766 2414 lecimus
796 2349 938 2431 Juribus
968 2349 1186 2413 libertatibus
1216 2356 1251 2412 et
1280 2349 1590 2414 consuetudinibus

408 2437 414 2450 ⁸
479 2454 603 2519 nostris
626 2461 660 2518 et
683 2454 820 2518 ecclesie
842 2460 957 2517 nostre
980 2454 1132 2537 predicte
1155 2474 1195 2517 ac
1217 2453 1301 2535 Jure
1319 2453 1459 2531 alterius
1476 2455 1589 2518 cuius-

478 2579 625 2643 cumque
643 2560 677 2622 in
696 2558 854 2622 omnibus
871 2578 1006 2642 semper
1022 2558 1135 2622 saluis.
1184 2559 1264 2622 Dat.
1286 2557 1410 2641 Ripon'
1430 2558 1465 2622 in
1483 2559 1590 2623 domo

478 2669 595 2727 nostra
614 2663 806 2747 capitulari,
826 2670 925 2726 sexto
944 2662 999 2725 die
1018 2662 1143 2725 mensis
1161 2662 1237 2726 Oct.
1259 2662 1359 2726 Anno
1378 2661 1449 2726 d’ni
1470 2662 1588 2726 Mill’io

477 2782 579 2843 cccc0,
600 2772 653 2833 etc.

962 2896 1102 2979 (Form).

480 3051 567 3134 (206)
586 3052 765 3116 Anurssro
780 3068 829 3114 au
846 3066 1069 3114 PREBENDAM
1086 3070 1134 3115 ux
1151 3070 1266 3116 causa
1282 3070 1583 3118 Panuuracioms,

565 3193 763 3277 Capitulum
793 3192 930 3255 ecclesie
961 3191 1145 3277 Collegiate
1175 3193 1239 3257 b'ti
1269 3193 1415 3257 Wiliridi
1447 3193 1582 3278 Rypon’

477 3299 624 3363 discreto
655 3297 729 3361 viro
760 3296 890 3381 Mag’ro
920 3296 959 3361 A.
994 3298 1035 3361 de
1067 3298 1121 3371 D,
1153 3298 1340 3382 capellano,
1372 3298 1518 3362 salutem
1549 3299 1583 3362 in

476 3402 614 3468 sinceris
637 3401 852 3485 amplexibus
876 3400 1073 3466 Saluatoris.
1121 3401 1176 3465 Ad
1199 3401 1448 3467 Canonicatum
1471 3403 1582 3467 eccl'ie

476 3513 591 3572 nostre
610 3504 758 3588 Rypon',
777 3511 811 3569 et
829 3506 1039 3588 prebendam
1057 3506 1099 3570 de
1116 3505 1156 3570 G.
1176 3507 1210 3570 in
1228 3506 1347 3571 eadem
1365 3527 1425 3591 per
1440 3507 1582 3572 liberam

476 3608 741 3695 rosignacionem
761 3610 964 3673 venerabilis
984 3617 1019 3674 et
1039 3610 1175 3674 discreti
1195 3611 1260 3675 viri
1281 3611 1400 3695 Mag’ri
1420 3610 1460 3676 G.
1482 3610 1524 3675 de
1544 3612 1580 3675 F.

474 3715 585 3781 vltimi
610 3713 771 3778 Canonici
795 3721 829 3778 et
853 3714 1067 3798 prebendarij
1094 3715 1279 3779 eorundem
1302 3735 1363 3799 per
1384 3714 1526 3779 modum
1548 3720 1582 3779 et

473 3841 514 3886 ex
527 3839 631 3884 causa
645 3819 911 3902 permutacionis
924 3820 1015 3884 facte
1028 3840 1107 3884 cum
1120 3826 1155 3882 et
1169 3840 1230 3902 pro
1243 3820 1384 3884 ecclesia
1396 3819 1580 3904 parochiali

472 3926 514 3991 de
530 3924 566 3990 T.
585 3924 737 4007 Lyncoln
754 3922 840 3988 dioc.
857 3944 963 4008 quam
979 3930 1018 3988 tu
1034 3923 1194 4008 primitus
1209 3924 1401 4007 optinuisti,
1418 3931 1581 3988 vacantes

472 4037 506 4095 et
540 4028 603 4093 tibi
636 4047 696 4112 per
728 4027 1048 4092 reuerendissimum
1081 4028 1116 4091 in
1149 4049 1218 4112 xpo
1251 4034 1385 4111 patrem
1417 4035 1452 4093 et
1485 4028 1580 4093 d’nm

472 4139 628 4199 nostrum
642 4131 738 4195 d’nm
754 4131 797 4195 H.
814 4131 1034 4214 permissione
1048 4132 1166 4197 diuina
1181 4133 1368 4197 Eboracen.
1384 4132 1579 4218 Archiep'm

472 4236 591 4320 Anglie
620 4235 803 4319 primatem
831 4241 866 4299 et
894 4237 1080 4319 apostolice
1108 4237 1197 4301 sedis
1225 4238 1376 4322 legatum
1405 4258 1446 4302 ex
1475 4259 1580 4303 causu

472 4339 666 4406 huiusmodi
682 4339 948 4423 permutacionis
963 4340 1117 4404 faciende
1131 4340 1284 4416 collatos,
1300 4349 1335 4406 te
1350 4343 1384 4407 in
1399 4362 1579 4426 personam

471 4444 607 4510 discreti
638 4442 701 4506 viri
732 4441 803 4507 d'ni
833 4442 865 4524 J.
898 4444 940 4507 de
971 4444 1020 4518 Ρ..
1052 4444 1236 4528 Capellani,
1268 4448 1498 4531 procuratoris
1528 4447 1578 4512 tui

471 4548 694 4614 sufficientem
717 4546 750 4610 in
773 4547 837 4611 hac
859 4554 957 4631 parte
978 4553 1189 4631 potestatem
1211 4551 1381 4627 habentis
1404 4573 1444 4617 ac
1465 4552 1577 4636 ipsum

471 4656 726 4738 procuratorem
759 4650 896 4715 nomine
928 4657 990 4716 tuo
1022 4651 1056 4714 in
1088 4654 1298 4736 corporalem
1330 4656 1576 4739 possessionem

542 4817 549 4840 ¹
570 4812 645 4876 Edge
658 4810 687 4860 oi
701 4810 754 4861 leaf
769 4816 966 4861 monae-eaten.
