3950 5625
433 713 497 779 204
716 698 795 762 Tne
820 699 975 762 Iuonssv
999 697 1246 763 llnuuscruer.

432 876 624 952 salubriter,
639 883 813 942 annuente
827 877 987 953 Domino,
1003 877 1037 942 in
1049 879 1113 942 hoc
1123 898 1204 941 casu
1215 877 1318 941 fuerit
1329 877 1539 941 ordinatum.

433 980 554 1044 Valeat
584 987 701 1045 vestra
731 981 929 1045 fraternitas
959 1002 1020 1065 per
1050 987 1207 1065 tempora
1236 980 1399 1065 longiora.
1448 982 1543 1045 Data

432 1084 466 1147 in
492 1084 595 1148 domo
620 1091 738 1149 nostra
763 1085 950 1169 Capitulari
975 1085 1030 1149 die
1055 1085 1168 1149 saboti
1193 1085 1352 1149 videlicet
1377 1085 1542 1149 vicesimo

432 1188 622 1271 primodie
647 1190 772 1253 mensis
798 1189 891 1274 Junij
921 1211 1012 1254 anno
1038 1190 1119 1254 D'ni
1145 1190 1286 1253 Mill’mo
1311 1189 1541 1275 quadringen-

432 1294 554 1357 tesimo
573 1294 734 1358 vicesimo
753 1295 909 1378 septim0,
930 1299 984 1359 etc.

633 1509 720 1591 (290)
748 1507 857 1572 Coeia
882 1525 1118 1573 mouccrorus
1142 1508 1337 1573 Cumania.

520 1686 687 1751 Nouerint
707 1687 856 1752 vniuersi
876 1709 936 1771 per
954 1694 1128 1771 presentes
1147 1689 1240 1772 quod
1259 1709 1321 1752 nos
1340 1688 1540 1772 Capitulum

431 1791 568 1855 ecclesie
600 1791 784 1875 Collegiate
816 1792 908 1856 beati
941 1792 1034 1856 Petri
1067 1792 1203 1876 Rypon’
1237 1793 1339 1856 Ebor.
1373 1793 1461 1858 dioc.
1496 1794 1541 1858 ad

431 1895 622 1959 cantariam
645 1902 847 1979 perpetuam
869 1896 970 1960 beate
994 1896 1098 1960 Marie
1121 1896 1268 1981 Virginis
1289 1897 1332 1960 de
1355 1897 1481 1980 Ripon’
1505 1897 1540 1962 in

431 2000 709 2084 Staynbryggate
741 2020 801 2083 per
833 2000 1100 2084 resignacionem
1132 2001 1203 2065 d'ni
1237 2001 1356 2065 Rob'ti
1390 2002 1541 2085 Rukeby

430 2104 543 2168 vltimi
567 2104 740 2187 Capellani
764 2105 916 2169 eiusdem
940 2105 1099 2169 Cantarie
1118 2112 1311 2180 vacantem,
1330 2127 1397 2190 que
1420 2113 1473 2171 est
1497 2106 1540 2171 de

430 2214 618 2293 patronatu
656 2208 795 2272 Will'mi
834 2209 981 2293 Ingylby
1019 2208 1062 2273 de
1100 2209 1249 2293 Ryplay,
1281 2209 1377 2274 d'nm
1410 2210 1539 2276 Will'm

430 2314 569 2397 Speton,
617 2313 849 2397 Capellanum,
889 2313 934 2377 ad
978 2314 1123 2378 eandem
1161 2314 1351 2378 cantariam
1388 2315 1540 2400 legitime

430 2424 667 2501 presentatum
682 2417 893 2492 admisimus,
911 2439 951 2481 ac
966 2418 1079 2500 ipsum
1095 2418 1316 2501 Capellanum
1332 2425 1539 2503 perpetuum

430 2522 643 2605 instituimus
677 2522 839 2585 canonice
874 2522 908 2584 in
943 2522 1063 2586 eadem
1097 2522 1132 2586 in
1166 2523 1276 2586 forma
1310 2523 1540 2589 ordinacionis

429 2626 581 2691 eiusdem
618 2625 770 2690 cantarie
807 2626 908 2701 lacte,
946 2647 986 2690 ac
1023 2626 1169 2690 eundern
1206 2626 1301 2690 d'nm
1338 2627 1467 2693 Will'm
1505 2630 1540 2694 in

430 2730 639 2815 corporalem
660 2730 907 2815 possessionem
927 2730 1019 2794 dicte
1040 2729 1199 2794 Cantane
1219 2751 1298 2795 curn
1318 2731 1387 2796 suis
1408 2732 1542 2799 iuribus

430 2842 465 2899 et
485 2835 706 2920 pertinenciis
727 2835 893 2899 vniuersis
915 2835 1113 2899 induximus
1133 2836 1168 2898 in
1189 2836 1319 2900 eadem.
1380 2837 1421 2901 In
1442 2839 1541 2904 cuius

430 2939 475 3004 rei
510 2939 747 3004 testimonium
780 2939 927 3024 sigillum
961 2939 1060 3023 officij
1096 2940 1204 3004 nostri
1237 2941 1453 3023 presentibus
1487 2950 1540 3007 est

430 3065 630 3128 appensum.
678 3044 771 3108 Data
791 3043 825 3107 in
840 3043 945 3107 domo
967 3050 1086 3108 nostra
1107 3044 1288 3127 capitulari
1310 3045 1461 3110 secundo
1484 3047 1540 3112 die

429 3148 554 3213 mensis
589 3147 744 3232 Januarij
782 3148 883 3212 Anno
918 3148 1000 3212 D'ni
1025 3148 1188 3212 vMill’imo
1222 3159 1337 3213 ccccmo
1365 3150 1538 3217 tricesimo

430 3254 590 3319 secunde.

428 3440 478 3510 73.
642 3432 729 3515 (291)
756 3431 867 3496 coen
890 3447 1126 3495 ruouccrorus
1150 3431 1314 3496 V1cnu1E.

473 3600 647 3664 Vniuersis
671 3598 730 3683 xpi
754 3598 910 3663 fidelibus
933 3604 1054 3682 pateat
1077 3618 1138 3682 per
1160 3606 1334 3682 presentes
1356 3600 1451 3685 quod
1475 3623 1538 3667 nos

429 3704 626 3788 Capitulum
660 3703 739 3767 eccl.
775 3702 856 3767 Coll.
892 3702 985 3767 beati
1020 3703 1112 3767 Petri
1147 3703 1272 3787 Ripon’
1307 3705 1410 3769 Ebor.
1446 3706 1534 3772 dioc.

428 3808 524 3873 d'nm
535 3807 662 3872 Will'm
676 3807 812 3882 Bedale,
827 3807 1059 3891 Capellanum
1072 3807 1116 3871 ad
1126 3807 1290 3871 vicariam
1304 3807 1535 3875 Canonicatus

428 3913 599 3997 prebende
630 3912 672 3976 de
704 3912 871 3976 Monkton
903 3910 937 3975 in
969 3910 1109 3975 ecclesia
1140 3911 1265 3995 Ripon'
1298 3913 1439 3997 predict.
1473 3935 1535 3999 per
1622 3994 1625 4000 ,

428 4017 693 4102 resignacionem
718 4016 790 4080 d'ni
815 4014 917 4079 Will'i
943 4015 1072 4099 Speton
1098 4016 1210 4079 vltimi
1235 4017 1352 4101 vicarij
1380 4018 1533 4083 eiusdem

428 4128 610 4185 vacantem
641 4128 675 4185 et
706 4120 750 4184 ad
781 4120 1073 4203 presentacionem
1102 4119 1220 4204 Mag’ri
1248 4121 1377 4185 Thome
1403 4122 1531 4206 Bryan,

428 4226 587 4290 Canonici
629 4225 707 4289 eccl.
750 4224 901 4308 predicte
942 4245 982 4287 ac
1021 4224 1235 4307 prebendarij
1279 4226 1450 4308 prebende
1491 4228 1533 4292 de

429 4330 596 4394 Monkton
614 4330 649 4392 in
662 4329 792 4403 eadem,
806 4348 885 4392 vere
898 4328 1049 4392 eiusdem
1061 4329 1187 4392 vicarie
1205 4330 1352 4411 patroni,
1370 4332 1533 4396 canonice

428 4434 638 4509 admisimus,
671 4454 710 4497 ac
740 4432 853 4516 ipsum
884 4432 979 4496 d'nm
1011 4432 1138 4495 Will'm
1170 4432 1296 4497 Bedale
1327 4442 1532 4519 perpetuum

427 4537 593 4601 vicarium
620 4538 654 4600 in
681 4537 791 4601 forma
817 4536 1076 4601 constitucionis
1100 4537 1202 4621 legati
1226 4557 1328 4620 super
1351 4539 1415 4603 hoc
1441 4540 1532 4604 edite

426 4641 587 4707 canonice
614 4641 837 4717 instituimus,
866 4640 1047 4725 ipsumque
1074 4640 1109 4704 in
1135 4640 1345 4725 corporalem
1373 4645 1531 4727 possessi·

427 4767 527 4812 onem
565 4746 656 4810 dicte
693 4746 819 4810 vicarie
857 4745 1066 4820 induximus
1105 4766 1184 4810 cum
1222 4745 1291 4810 suis
1329 4746 1459 4813 iuribus
1497 4755 1531 4813 et
