3950 5625
784 699 879 769 Acrs
902 722 948 769 or
971 698 1150 774 Cnnpren.

566 883 653 966 (245)
676 882 909 949 Arpnoencro
929 901 1155 951 resinueun
1177 904 1355 953 paemen.

500 1049 541 1113 In
562 1049 625 1113 Dei
645 1049 793 1125 nomine,
815 1050 935 1116 Amen.
983 1052 1158 1116 Vniuersis
1177 1053 1245 1117 s’ce'
1264 1054 1384 1118 matris
1404 1055 1517 1119 eccl'ie

414 1151 490 1235 filijs
508 1158 629 1237 pateat
648 1174 709 1238 per
728 1159 901 1238 presentes
920 1155 1014 1239 quod
1033 1177 1095 1220 nos
1115 1156 1313 1241 Capitulum
1332 1159 1411 1223 eccl.
1433 1158 1514 1224 Coll.

415 1255 549 1341 Ripon’,
577 1278 714 1341 presens
740 1263 988 1341 testamentum
1013 1280 1129 1324 coram
1154 1281 1336 1325 causarum
1361 1262 1518 1327 auditore

413 1361 488 1426 eccl.
531 1361 708 1446 collegiate
748 1362 923 1427 Beuerlaci
963 1364 1027 1427 rite
1067 1369 1102 1427 et
1142 1365 1291 1449 legitime
1331 1368 1517 1449 probatum

412 1465 572 1530 vicesimo
602 1466 656 1530 die
686 1467 811 1531 mensis
841 1467 957 1550 Marcij
992 1469 1026 1531 in
1056 1468 1160 1533 domo
1189 1475 1307 1533 nostra
1336 1471 1518 1554 capitulari

414 1568 536 1653 Ripon'
562 1571 841 1655 approbauimus,
867 1576 901 1635 et
924 1572 1260 1656 Will'mo.Hidwyn,
1286 1575 1459 1639 executori
1483 1576 1518 1639 in

411 1673 502 1739 dicto
534 1679 743 1740 testamento
774 1676 962 1750 nominate,
992 1676 1328 1742 administracionem
1360 1679 1515 1744 omniurn

1569 1073 1697 1121 ¹410·¹¹·

1566 1130 1633 1178 Mar.
1651 1143 1691 1177 20.

411 1779 578 1844 bonorum
623 1779 707 1844 dicti
753 1780 906 1844 defuncti
952 1781 1042 1844 inira
1087 1781 1359 1846 iurisdiccionem
1405 1783 1515 1855 n'ram
1585 1860 1600 1875 ἢ

350 1870 353 1878 ’
410 1883 633 1948 existencium
670 1884 704 1948 in
743 1884 853 1947 forma
889 1885 1148 1949 constitucionis
1185 1906 1287 1969 super
1323 1887 1387 1950 hoc
1424 1887 1515 1951 edite

410 1987 642 2052 concedentes
691 1987 794 2052 Salua
827 1987 925 2051 nobis
959 1993 1134 2070 potestate
1168 1989 1322 2053 Roberto
1356 1990 1514 2055 Whitton

409 2092 579 2157 executori
596 2092 631 2156 in
648 2092 742 2156 dicto
756 2097 964 2156 testamento
982 2093 1161 2157 nominato
1178 2093 1513 2159 administracionem

408 2196 609 2261 comittendi
631 2217 710 2261 cum
731 2217 807 2261 earn
829 2196 1013 2261 admittere
1033 2197 1190 2262 voluerit.
1239 2199 1279 2261 In
1301 2219 1329 2262 0.
1353 2219 1378 2262 r.
1402 2205 1427 2262 t.
1450 2199 1510 2283 sig.

409 2322 440 2366 n.
459 2321 545 2385 pres.
565 2306 835 2386 estappensum.
883 2302 963 2365 Dat.
983 2301 1018 2365 in
1036 2301 1091 2366 (10.
1111 2302 1185 2366 n'ra
1203 2302 1259 2366 Ca.
1279 2302 1440 2367 vicesimo
1458 2302 1512 2366 die

409 2388 512 2470 mens,
537 2404 653 2489 Marcij
677 2405 779 2469 Anno
801 2405 881 2469 D'ni
904 2405 1022 2469 Mill’io
1043 2421 1161 2470 0000Πιο
1181 2406 1324 2471 decimo,

411 2632 495 2716 (246)
515 2633 763 2697 Puorusrncro
779 2632 911 2696 Mnc’rn
928 2632 1048 2714 Jou'rs
1064 2633 1210 2696 Sourssx
1227 2649 1274 2696 uu
1291 2650 1509 2699 nssruuuoo

950 2731 968 2762 Ο

494 2812 754 2878 Memorandum
765 2788 858 2897 quod
870 2812 1032 2897 Magister
1041 2812 1159 2895 Joh'es
1170 2814 1309 2897 Soulby,
1322 2815 1513 2880 Canonicus

408 2918 483 2983 eccl.
518 2918 599 2982 Coll.
635 2917 772 3001 Ripon',
806 2917 859 2981 Pr.
894 2919 987 3000 preb.
1018 2917 1059 2981 de
1092 2918 1287 2982 Scharrowe
1317 2919 1352 2982 in
1379 2919 1509 2994 eadem,

407 3021 548 3086 venitin
562 3022 704 3086 domum
720 3021 951 3105 Capitularem
965 3022 1000 3085 in
1014 3022 1101 3085 festo
1114 3021 1271 3086 Annunc.
1287 3024 1326 3087 B.
1340 3024 1383 3087 M.
1396 3044 1511 3088 coram
1525 3039 1527 3043 ·

408 3126 599 3191 reuerendis
620 3126 701 3189 viris
723 3126 851 3209 Mag’ro
872 3125 1022 3190 Will'mo
1044 3126 1169 3190 Cawod
1189 3132 1223 3189 et
1245 3126 1326 3192 d'no
1347 3127 1448 3209 Joh'e
1468 3127 1511 3192 de

408 3230 511 3306 Deen‚
529 3231 621 3295 dicte
637 3229 749 3294 eccl'ie
766 3230 954 3306 Canonicis,
973 3231 1018 3294 ad
1035 3236 1118 3294 tunc
1134 3230 1261 3294 ibidem
1277 3231 1512 3314 capitulariter

407 3336 618 3420 congregatis
648 3340 683 3398 et
713 3334 911 3417 Capitulum
941 3335 1157 3409 facientibus
1188 3340 1222 3397 et
1253 3336 1512 3418 protestabatur

407 3460 440 3503 se
457 3440 544 3504 velle
560 3460 659 3504 suam
676 3438 898 3503 residenciam
916 3438 1063 3521 incipere
1081 3438 1125 3502 ad
1142 3438 1279 3503 laudem
1296 3444 1331 3502 et
1348 3440 1511 3504 honorem

407 3543 468 3609 Dei
492 3550 527 3608 et
552 3542 699 3619 ecclesie,
725 3543 884 3606 videlicet
908 3543 943 3606 in
968 3543 1057 3607 festo
1081 3542 1286 3607 Natiuitatis
1311 3543 1377 3607 S'ci
1401 3544 1512 3626 Joh'is

406 3649 507 3733 Bapt.
529 3648 584 3712 vel
603 3648 638 3711 in
658 3647 792 3712 octabis
811 3647 963 3711 eiusdem
983 3647 1072 3721 festi,
1093 3668 1163 3731 qua
1182 3647 1433 3730 protestacione
1452 3668 1512 3732 per

405 3752 594 3837 capitulum
627 3752 777 3816 admissa
809 3751 1002 3815 iniunctum
1035 3751 1101 3815 iuit
1133 3751 1196 3814 sibi
1229 3771 1289 3835 per
1320 3752 1511 3835 capitulum

404 3857 497 3941 quod
516 3856 551 3921 in
571 3856 625 3920 die
646 3856 885 3940 prenominato
905 3855 1038 3918 veniret
1059 3854 1104 3918 ad
1123 3855 1314 3938 capitulum
1334 3855 1369 3919 in
1389 3856 1512 3920 habitu

404 3961 496 4025 chori
509 3961 554 4026 ad
570 3960 747 4045 preciosa,1
766 3966 800 4023 et
818 3980 916 4023 suam
929 3964 1057 4023 extunc
1070 3958 1233 4043 inciperet
1246 3965 1280 4022 et
1293 3959 1511 4024 continuaret

351 4081 357 4094 '
404 4064 625 4129 residenciam
644 4070 748 4147 prout
767 4069 819 4127 est
838 4064 881 4127 de
899 4083 1004 4138 more,
1024 4084 1099 4137 vsu,
1120 4068 1155 4126 et
1174 4063 1396 4127 obseruancia
1415 4069 1449 4126 et
1469 4063 1511 4127 de

404 4169 546 4234 statutis
574 4169 686 4233 eccl'ie
715 4168 923 4232 ordinatum.
975 4167 1065 4230 Acta
1092 4172 1173 4231 sunt
1201 4167 1263 4230 hec
1291 4167 1345 4230 die
1374 4173 1408 4230 et
1437 4167 1510 4231 loco

403 4273 608 4357 supradictis
626 4272 727 4336 Anno
745 4272 825 4335 D'ni
844 4271 998 4335 Mill’imo
1016 4270 1353 4355 quadringentesimo
1371 4276 1511 4354 quarto

403 4377 535 4443 decimo
580 4377 774 4460 incipiente,
821 4375 1037 4459 presentibus
1082 4373 1163 4437 d'no
1208 4374 1309 4456 Joh'e
1355 4374 1511 4438 Redenes

405 4481 698 4546 Subthezaurario'
714 4480 827 4544 eccl'ie
849 4486 883 4543 et
906 4475 1010 4562 Joh’e
1030 4478 1187 4553 Screuen,
1210 4498 1289 4541 cum
1311 4477 1396 4561 alijs
1450 4482 1452 4486 ’

1590 2833 1664 2881 1414,

1547 2888 1705 2951 incipiente,

1561 2956 1628 3003 Mar.
1647 2966 1687 3016 25.

473 4705 543 4752 ¹An
561 4702 639 4752 office
655 4717 687 4751 so
700 4703 795 4761 called,
810 4704 870 4752 said
884 4703 957 4752 aiter
971 4701 1062 4750 Prime
1075 4698 1104 4745 in
1118 4701 1166 4749 the
1180 4701 1302 4763 Chapter
1316 4700 1421 4749 House.
1460 4701 1510 4749 See
1605 4717 1607 4720 ¹

403 4782 492 4849 Ripon
506 4784 622 4847 Chapter
635 4782 707 4839 Acts,
725 4786 774 4844 287
785 4799 812 4832 n.
