3950 5625
700 707 792 772 Acrs
815 725 859 772 or
882 707 1060 773 Calama.
1370 727 1435 791 233

337 887 468 951 firmam
489 887 562 951 dari
583 887 719 950 omnino
739 887 782 951 de
801 888 872 952 iure
893 889 1104 972 prohibetur,
1127 890 1319 953 iudicantes
1340 890 1435 974 quod

335 992 511 1076 indignum
547 992 617 1055 iore
652 1013 730 1056 cum
765 993 1000 1077 spiritualibus
1036 1015 1096 1078 per
1132 995 1314 1079 pecuniam
1351 995 1436 1058 inire

334 1097 581 1171 commercium,
597 1097 749 1181 predicto
764 1097 891 1161 salubri
909 1104 1045 1162 statuto
1065 1120 1133 1163 non
1149 1099 1359 1184 derogando
1376 1100 1436 1163 sed

334 1201 442 1265 eidem
475 1201 662 1277 adiciendo,
694 1201 890 1267 ordinamus
920 1209 955 1266 et
985 1204 1173 1268 statuimus
1203 1203 1298 1288 quod
1331 1205 1360 1268 si
1393 1204 1436 1268 de

333 1312 445 1369 cetero
476 1306 645 1390 quispiam
677 1307 927 1382 contrafecerit,
962 1308 1107 1372 tradicio
1140 1309 1186 1372 ad
1219 1309 1355 1373 firmam
1388 1310 1436 1373 sic

333 1410 426 1474 iacta
444 1433 513 1474 non
531 1417 646 1474 teneat
665 1411 733 1476 ullo
752 1411 865 1487 modo,
885 1419 920 1476 et
939 1413 1180 1478 nichilominus
1199 1414 1290 1478 vltra
1310 1435 1436 1498 penam

333 1537 406 1580 xxs.
430 1515 583 1600 superius
603 1517 833 1600 specificatam
855 1523 954 1580 sexta
976 1539 1056 1601 pars
1078 1527 1311 1602 prouentuum
1335 1520 1436 1584 huius

333 1619 379 1683 rei
396 1640 500 1704 quam
517 1620 558 1684 de
576 1620 668 1685 facto
685 1621 730 1685 ad
746 1621 880 1685 firmam
897 1621 972 1685 dari
989 1629 1110 1686 contra
1127 1629 1303 1688 statutum
1320 1625 1437 1689 huius-

332 1725 425 1788 modi
451 1725 629 1810 contigerit
656 1726 799 1789 frabrice
828 1726 899 1808 (sic)
930 1726 1022 1790 dicte
1048 1728 1185 1791 ecclesie
1213 1729 1307 1792 omni
1334 1729 1439 1794 modo

332 1829 522 1913 applicetur
550 1836 584 1893 et
611 1851 671 1915 per
693 1832 1006 1915 sequastracionem
1033 1831 1103 1914 (sic)
1131 1833 1307 1898 fructuum
1331 1835 1438 1898 delin-

332 1934 467 2018 quentis
483 1935 687 1999 auctoritate
700 1935 848 2019 Capituli
861 1935 1022 2011 fiendam,
1036 1957 1097 2021 per
1112 1937 1225 2020 ipsum
1237 1938 1437 2022 Capitulum

332 2037 466 2102 realiter
480 2039 621 2115 leuetur,
641 2040 676 2103 in
694 2061 795 2103 vsum
813 2040 1007 2124 predictum
1025 2042 1268 2106 conuertenda.

419 2182 519 2256 Item,
555 2203 632 2246 cum
667 2184 860 2267 antiquitus
893 2184 938 2246 sit
973 2190 1147 2248 statutum
1182 2190 1217 2247 et
1252 2185 1436 2250 salubriter
1461 2199 1640 2274 sanaturum

333 2285 528 2350 ordinatum
548 2287 583 2350 in
604 2287 667 2350 hac
689 2288 828 2351 ecclesia
849 2287 1035 2372 Collegiata
1057 2288 1182 2372 Ripon’
1205 2289 1299 2372 quod
1321 2289 1434 2353 nullus
1447 2268 1643 2379 ssffffiss‘ffi'ffi

333 2389 539 2454 admittatur
560 2391 595 2454 in
618 2392 820 2456 canonicum
843 2398 878 2455 et
901 2393 936 2456 in
960 2392 1102 2456 fratrem
1126 2392 1205 2457 eccl.
1232 2392 1346 2476 Ripon
1370 2394 1434 2457 nisi
1459 2402 1539 2458 Putes
1557 2398 1641 2460 Capi·

333 2495 553 2578 personaliter
584 2495 639 2558 vel
671 2516 731 2580 per
763 2503 1019 2580 procuratorem
1051 2517 1130 2560 cum
1163 2497 1331 2560 mandato
1363 2497 1435 2560 siue
1460 2465 1635 2580 fimi,

334 2600 566 2682 procuratorio
587 2600 767 2665 sufficienti
789 2601 938 2685 legitime
960 2601 1201 2675 constitutum,
1225 2608 1436 2684 potestatem

334 2702 467 2768 iurandi
496 2704 530 2768 in
559 2705 709 2769 animam
738 2706 810 2770 d’ni
839 2706 891 2769 sui
920 2706 963 2769 de
992 2706 1208 2769 obseruando
1237 2711 1374 2770 statuta
1402 2710 1437 2768 et

334 2809 594 2874 consuetudines
625 2809 716 2875 dicte
748 2810 885 2875 ecclesie
917 2807 1114 2885 habentem,
1148 2810 1329 2894 ipsumque
1362 2831 1438 2894 pro-

334 2914 542 2977 curatorium
577 2935 679 2999 penes
715 2915 907 2999 capitulum
943 2921 978 2978 et
1015 2915 1086 2978 eius
1123 2921 1202 2978 acta
1238 2921 1440 2997 procurator

334 3016 527 3081 huiusmodi
559 3018 685 3083 ibidem
717 3020 856 3083 omnino
888 3019 1057 3093 dimittat,
1091 3018 1243 3102 alioquin
1276 3039 1338 3102 pro
1370 3039 1438 3082 non

335 3121 481 3186 admisso
528 3123 705 3187 habeatur.
752 3124 850 3187 Vnde
897 3144 972 3198 nos,
1021 3129 1196 3186 statutum
1244 3122 1440 3185 huiusmodi

335 3227 574 3310 approbantes
603 3228 847 3311 cupientesque
875 3227 1023 3311 plurima
1050 3233 1223 3311 quantum
1251 3226 1440 3308 poterimus

334 3330 443 3394 vitare
466 3331 647 3395 incomoda
671 3338 705 3395 et
730 3331 892 3416 pericula,
918 3337 979 3395 aut
1005 3332 1032 3394 si
1057 3350 1153 3394 secus
1177 3335 1312 3414 gestum
1337 3329 1440 3393 fuerit

335 3434 423 3499 dicte
447 3435 583 3499 ecclesie
606 3436 728 3500 exinde
750 3436 784 3500 in
809 3436 965 3500 futurum
986 3436 1183 3518 contingere
1207 3438 1382 3516 poterunt,
1405 3438 1439 3495 et

334 3538 561 3603 verisimiliter
578 3540 723 3615 euenire,
743 3541 884 3605 Statuto
903 3540 1058 3624 predicto
1077 3537 1235 3602 addendo
1253 3537 1440 3600 statuimus

335 3649 367 3707 et
393 3643 601 3719 ordinamus
628 3645 722 3729 quod
747 3644 775 3707 si
800 3645 877 3728 quis
903 3665 995 3708 nunc
1021 3643 1055 3706 in
1081 3642 1175 3705 dicta
1201 3641 1341 3704 ecclesia
1366 3660 1440 3722 pre·

335 3747 516 3812 bendarius
536 3748 590 3811 vel
610 3749 645 3812 in
666 3756 842 3832 posterum
864 3748 1053 3831 reperiatur
1072 3746 1131 3829 qui
1153 3750 1273 3808 contra
1294 3744 1440 3807 formam

334 3852 458 3917 statuti
490 3852 634 3935 predicti
667 3853 810 3917 alicuius
842 3851 1014 3935 prebende
1048 3850 1180 3913 fructus
1212 3846 1441 3932 quouismodo

335 3976 499 4040 occupare
523 3977 583 4020 seu
609 3957 780 4040 percipere
807 3953 1063 4039 presumpserit,
1091 3953 1230 4015 Extunc
1257 3950 1441 4015 canonicus

335 4059 404 4143 ipse
432 4060 467 4123 in
495 4080 619 4144 penam
647 4060 924 4145 transgressionis
951 4078 1011 4121 sue
1039 4056 1182 4128 fructus,
1212 4054 1376 4127 redditus
1406 4060 1440 4115 et

335 4170 522 4247 prouentus
542 4164 691 4249 integros
711 4163 883 4247 prebende
903 4161 967 4225 sibi
988 4158 1111 4223 collate
1132 4156 1267 4221 tamdiu
1287 4156 1440 4230 amittat,

335 4274 367 4332 et
386 4288 504 4333 eorum
523 4268 698 4331 ablacione
717 4288 756 4331 eo
775 4268 849 4350 ipso
867 4265 1035 4330 multetur
1052 4262 1160 4325 donec
1179 4261 1213 4323 in
1231 4260 1369 4343 propria
1386 4260 1441 4323 vel

334 4371 564 4455 procuratoris
600 4370 798 4435 sufficientis
834 4388 979 4452 persona
1016 4371 1190 4429 statutum
1227 4362 1441 4426 antedictum

334 4476 433 4540 iuxta
469 4474 621 4539 eiusdem
658 4474 739 4548 vim,
778 4473 935 4545 formam,
974 4475 1009 4532 et
1046 4468 1207 4531 eflectum
1244 4465 1442 4530 omnimodo
1557 4482 1562 4489 ·

334 4579 505 4644 curauerit
537 4579 728 4649 obseruare,
764 4576 933 4658 liceatque
971 4572 1072 4636 dictis
1114 4570 1273 4653 Capitulo
1316 4568 1440 4651 Ripon’

335 4703 453 4747 omnes
475 4688 510 4745 et
532 4679 683 4764 singulos
705 4680 847 4753 fructus,
872 4675 1036 4747 redditus,
1060 4679 1095 4736 et
1117 4680 1305 4757 prouentus
1327 4671 1442 4736 huius-

334 4787 428 4851 modi
449 4805 564 4869 perse
585 4790 620 4847 et
639 4802 719 4846 suos
739 4782 852 4845 medio
873 4787 1026 4861 tempore
1047 4796 1224 4861 occupare,
1246 4774 1341 4840 acin
1361 4795 1443 4841 vsus
