3950 5625
525 711 565 754 20
797 694 880 758 Tun
908 696 1062 760 Inortnv
1089 697 1349 761 Mnuuscnrrr.

341 869 418 919 After·
438 874 509 921 their
521 863 649 931 fuerint
669 890 710 932 ex
732 869 923 934 deuocione
947 869 1115 945 fidelium,
1142 885 1177 934 ut
1200 871 1377 954 prefertur.
1435 873 1485 935 Ita
1509 886 1624 936 tamen

306 934 400 1050 ξξέῑῑὴο
418 939 507 1051 ἓξὲξ
521 967 614 1047 quod
633 980 711 1050 post
729 983 870 1033 mortem
889 969 1059 1034 dictorum
1079 971 1228 1034 Will'mi
1247 984 1279 1034 et
1296 972 1491 1035 Thesancie
1510 973 1626 1035 vxoris

306 1074 335 1113 ¹⁰
356 1068 401 1115 the
418 1067 508 1132 cnap.
521 1086 582 1129 sue
613 1067 657 1129 ad
693 1067 822 1132 dictum
862 1069 1052 1151 capitulum
1087 1071 1222 1153 integra
1256 1072 1434 1153 percepcio
1466 1072 1623 1134 omniurn

306 1141 356 1179 Μ’
522 1166 770 1247 premissorum
790 1169 895 1232 libere
913 1182 1112 1233 reuertatur.
1166 1171 1209 1233 Et
1227 1191 1289 1253 pro
1306 1171 1370 1235 hac
1386 1171 1626 1235 conuencione

340 1261 489 1377 F‘l‘lhisth
520 1276 553 1327 et
569 1265 792 1332 ordinacione
813 1267 932 1351 prefati
957 1269 1139 1333 Will'mus
1163 1287 1196 1334 et
1219 1270 1416 1334 Thesancia
1441 1291 1527 1333 vxor
1551 1271 1625 1333 eius

305 1341 441 1442 ffiiffgffi
458 1346 506 1443 ΜΞ
520 1365 659 1428 solucnt
674 1366 826 1449 singulis
842 1369 956 1446 annis,
972 1369 1119 1434 durante
1137 1371 1206 1433 vita
1222 1371 1424 1447 eorundem,
1440 1371 1624 1434 duodecim

304 1459 508 1574 {gglssfflizthg
519 1463 682 1529 denarios
709 1467 956 1550 sterlingorum
987 1469 1118 1552 prefato
1145 1470 1298 1552 capitulo
1330 1471 1364 1533 in
1397 1469 1483 1534 festo
1514 1471 1625 1534 sancti

304 1560 702 1650 ayeastgthe'Laurencij
740 1567 949 1648 supradicto.
1026 1568 1072 1631 Ut
1109 1583 1224 1632 autem
1259 1589 1401 1651 presens
1432 1571 1625 1633 conuencio

305 1652 434 1716 chapter.
520 1664 660 1745 plenum
702 1668 805 1729 robur
843 1667 998 1749 optineat
1036 1667 1218 1743 firmitatis,
1262 1668 1381 1751 prefati
1422 1667 1623 1750 Capitulum

517 1762 674 1846 sigillum
692 1787 794 1829 suurn
812 1768 1186 1845 communie,1acdicti
1202 1767 1384 1830 Will'mus
1400 1780 1433 1831 et
1450 1768 1623 1831 Tesancia

518 1884 603 1928 vxor
619 1864 693 1929 eius
710 1866 828 1949 sigilla
845 1888 907 1930 sua
925 1869 1030 1931 huius
1049 1868 1235 1932 Indenture
1254 1868 1410 1950 partibus
1426 1868 1622 1930 alternatim

516 1982 764 2050 apposuerunt.
829 1971 907 2033 Dat.
935 1968 1028 2050 apud
1056 1968 1210 2052 Rypon',
1237 1968 1386 2050 septimo
1410 1967 1466 2030 die
1492 1968 1624 2030 mensis

519 2069 733 2143 Decembris,
753 2091 847 2134 anno
867 2069 1010 2132 Domini
1031 2068 1221 2131 Millesimo
1238 2081 1337 2131 ccc¹¹¹⁰
1350 2067 1624 2148 quadragesimo

516 2182 650 2250 quarto,

515 2358 585 2440 (17)
631 2356 883 2422 Consrrrucro
922 2375 1035 2419 turim
1083 2356 1303 2421 Cnmruttm
1353 2373 1395 2416 er
1441 2355 1623 2416 Asnnrnu

561 2475 608 2520 ns
661 2458 850 2520 Fontibus
903 2474 949 2518 ne
1001 2455 1171 2520 cirrus
1220 2456 1358 2518 Snucrr
1408 2455 1623 2516 Mrcunntrs

560 2575 599 2620 ru
626 2558 774 2620 nourr.

330 2706 477 2768 1346.Oct.
603 2692 787 2756 Vniuersis
805 2691 933 2756 Christi
956 2690 1119 2755 fidelibus
1142 2690 1184 2753 ad
1210 2711 1299 2772 quos
1325 2704 1501 2773 presentes
1527 2690 1623 2753 litore

321 2771 747 2875 ESti¹¹‘³‘³“'²·peruenerint‚
784 2804 898 2875 pateat
935 2791 1114 2855 euidenter
1151 2791 1245 2873 quod
1278 2811 1355 2854 cum
1392 2810 1501 2873 nuper
1533 2789 1623 2853 inter

516 2893 730 2957 venerabiles
778 2893 871 2956 viros
917 2890 1117 2975 Capitulum
1165 2891 1309 2955 ecclesie
1359 2890 1542 2972 collegiate
1589 2904 1623 2953 et

516 2991 725 3074 parochialis
756 2991 897 3077 Rypon'
925 2991 1029 3054 Ebor.
1057 2991 1145 3055 dioc.
1173 2991 1215 3054 ad
1243 2990 1336 3072 quod
1361 2990 1451 3053 dicta
1476 2990 1622 3053 ecclesia

516 3092 724 3174 parochialis
752 3113 830 3155 curn
859 3090 933 3155 suis
963 3091 1106 3174 Juribus
1133 3104 1166 3155 et
1195 3089 1418 3174 pertinenciis
1447 3089 1622 3152 uniuersis

514 3192 706 3256 dinoscitur
721 3191 888 3256 canonice
907 3191 1078 3274 pertinere
1093 3211 1135 3253 ex
1153 3203 1247 3273 parte
1265 3210 1344 3266 vna,
1367 3189 1411 3252 Et
1436 3188 1621 3271 religiosos

515 3291 608 3355 viros
633 3340 639 3354 .
669 3339 676 3354 .
705 3292 876 3355 Abbatem
896 3303 929 3354 et
944 3304 1156 3354 conuentum
1174 3289 1378 3373 Monasterij
1392 3290 1434 3353 de
1450 3290 1621 3353 Fontibus

514 3391 647 3456 ordinis
693 3390 945 3467 CisterciensiS,
991 3390 1080 3454 dicte
1126 3390 1214 3453 dioc.
1264 3411 1305 3453 ex
1348 3391 1466 3463 altera,
1516 3410 1623 3472 super

333 3505 476 3570 Chapetin
514 3490 750 3556 celebracione
773 3490 972 3553 diuinorum
999 3489 1031 3551 in
1058 3489 1201 3572 Capella
1225 3490 1344 3553 Sancti
1372 3489 1555 3553 Michaelis
1579 3489 1622 3553 de

301 3572 500 3700 ffiglsssssslggf]
517 3591 637 3654 Monte
666 3590 754 3653 infra
780 3589 868 3653 fines
896 3602 928 3653 et
957 3590 1084 3653 limites
1115 3589 1204 3654 dicte
1235 3589 1378 3653 ecclesie
1411 3590 1622 3671 parochialis

300 3702 501 3779 tnegrounuot
517 3690 658 3775 Rypon'
681 3690 819 3766 situata,
845 3690 879 3752 in
902 3691 978 3753 solo
1003 3702 1117 3753 tamen
1143 3690 1313 3753 dictorum
1340 3736 1347 3751 .
1375 3737 1382 3751 .
1414 3690 1563 3752 Abbatis
1588 3702 1623 3753 et

300 3768 449 3897 ffl'y‘ffffi
515 3788 719 3854 Conuentus
750 3802 783 3853 et
815 3790 968 3872 ipsorum
1013 3790 1215 3853 Monasterii
1256 3801 1462 3863 constructa,
1498 3790 1531 3851 in
1565 3790 1622 3853 die

514 3889 632 3953 Sancti
665 3889 848 3953 Michaelis
877 3889 1092 3972 Archangeli
1120 3890 1223 3951 annis
1255 3889 1418 3972 singulis,
1452 3902 1484 3951 et
1515 3910 1622 3971 super

515 3989 740 4072 percepcione
768 4004 801 4053 et
828 3988 1032 4053 detencione
1056 3988 1277 4051 oblacionum
1303 4001 1335 4051 et
1359 3989 1617 4051 obuencionum

513 4108 802 4169 quarumcunque
847 4087 890 4150 ad
936 4086 1063 4149 dictam
1109 4085 1286 4168 Capellam
1332 4090 1617 4170 proueniencium

334 4195 482 4258 Disagree-
513 4186 694 4250 contencio
726 4199 844 4249 exorta
879 4186 1011 4261 fuisset,
1050 4185 1163 4266 sitque
1198 4185 1288 4249 dicta
1324 4186 1467 4270 Capella
1504 4190 1619 4253 vicina

299 4263 469 4375 ffifq'ssissss'u‘
513 4300 545 4349 et
585 4286 726 4368 propior
763 4286 854 4349 dicto
896 4286 1111 4349 Monasterio
1149 4306 1254 4366 quam
1294 4288 1437 4350 ecclesie
1477 4288 1618 4371 Rypon'

515 4398 713 4461 memorate,
750 4405 810 4466 pro
850 4386 942 4448 bono
979 4384 1074 4467 pacis
1105 4397 1138 4447 et
1169 4385 1430 4465 tranquillitatis
1462 4388 1616 4468 parcium

514 4483 755 4565 predictarum,
775 4484 842 4545 sub
858 4482 968 4546 forma
986 4481 1204 4564 infrascripta
1229 4483 1317 4547 inter
1340 4486 1479 4548 easdem
1503 4499 1618 4568 partes

512 4582 574 4646 fuit
599 4596 631 4647 et
654 4596 705 4646 est
728 4582 957 4646 amicabiliter
980 4583 1239 4656 concordatum,
1268 4584 1427 4647 videlicet
1451 4586 1543 4668 quod
1570 4635 1577 4650 .
1607 4636 1614 4651 .

577 4786 583 4807 ¹
604 4781 660 4830 MS.
676 4787 744 4838 cole,
760 4781 829 4828 their
842 4783 898 4828 seul
911 4781 942 4827 of
951 4780 1126 4841 conununity.
