3950 5625
767 710 864 777 Acrs
888 730 934 776 or
958 710 1148 778 Cunrrnn.
1474 726 1509 790 ¹7

408 889 517 953 diuina
537 888 649 953 Ebor.
671 886 908 971 Archiep'um,
929 887 1061 971 Anglie
1080 886 1289 970 primatem,¹
1310 883 1509 967 interposite

406 1003 436 1053 et
459 1009 576 1052 coram
613 987 717 1051 nobis
748 987 884 1051 diucius
910 987 1052 1070 agitate,
1085 987 1117 1048 in
1146 1007 1216 1068 qua
1243 1006 1359 1059 causa,
1393 985 1511 1048 oblato

406 1088 611 1153 iudicialiter
637 1109 681 1152 ex
706 1101 800 1170 parte
824 1087 992 1151 dictorum
1020 1086 1170 1170 Capituli
1195 1100 1229 1149 ct
1252 1085 1507 1150 Canonicorum

406 1209 462 1271 per
502 1187 643 1274 loh'cm
688 1187 795 1250 Lacer
838 1186 923 1269 parti
967 1186 1135 1250 dictorum
1181 1185 1508 1250 Commissariorum

404 1307 606 1370 processum
639 1307 758 1351 eorum
791 1285 1055 1349 defendencium
1089 1287 1176 1365 ((εῑ)2
1208 1306 1268 1368 per
1302 1283 1436 1369 Joh'cm
1468 1283 1510 1347 de

406 1386 572 1461 Haddon,
596 1398 838 1469 procuratores
858 1406 942 1449 suos
961 1405 1077 1449 coram
1105 1384 1206 1447 nobis
1229 1382 1508 1469 comparencinm

403 1486 522 1550 libello
539 1506 602 1550 scu
619 1485 766 1549 articulo
782 1484 841 1566 qui
859 1484 939 1548 talis
955 1498 1017 1547 est.

492 1597 532 1660 ln
554 1597 620 1661 Dei
642 1597 795 1673 nomine,
816 1595 943 1660 Amen.
993 1595 1118 1660 Coram
1144 1595 1244 1659 vobis
1269 1593 1457 1657 venerabili
1477 1592 1509 1654 in

403 1696 545 1762 Christo
579 1710 674 1778 patre
705 1708 738 1759 et
768 1695 943 1760 domino.
972 1742 980 1758 .
1010 1694 1092 1759 d'no
1123 1694 1258 1765 Will'o,
1296 1693 1360 1756 Dei
1394 1692 1512 1773 gracia

407 1797 511 1861 Ebor.
545 1795 745 1878 Archiep’0,
777 1795 908 1877 Anglie
936 1795 1093 1878 primate,
1127 1793 1294 1858 vestrisve
1326 1840 1333 1855 .
1370 1839 1377 1855 .
1410 1792 1513 1857 Com-

406 1895 579 1960 missariis
594 1908 654 1957 aut
671 1894 922 1960 Commissario
940 1894 973 1956 in
992 1895 1057 1958 hac
1078 1906 1172 1976 parte
1188 1893 1312 1967 dicere,
1332 1906 1364 1955 et
1382 1891 1415 1954 in
1440 1891 1513 1954 iure

405 1995 573 2079 proponit
617 2006 818 2077 procurator
858 1994 1067 2058 venerabilis
1106 1993 1256 2076 Capituli
1297 1992 1378 2056 eccl.
1421 1990 1509 2055 Coll.

407 2094 551 2180 Rypon’
583 2115 623 2158 ac
663 2092 908 2176 magistrorum
952 2093 1041 2157 Ric’i
1081 2093 1122 2156 de
1155 2092 1298 2165 Cestria,
1334 2090 1439 2154 Alani
1471 2091 1513 2154 dc

405 2193 653 2276 Conesburgh,
673 2192 783 2256 d’nor.
802 2193 912 2277 Joh'is
935 2194 965 2257 le
983 2192 1113 2266 Smale,
1135 2191 1183 2254 W
1189 2191 1247 2255 ill'i
1265 2191 1307 2254 de
1325 2190 1509 2262 Cusancia,

404 2295 495 2359 dicte
519 2294 602 2357 eccl.
633 2292 774 2376 Rypon’
800 2292 1056 2357 Canonicorum
1085 2305 1118 2355 et
1145 2290 1450 2374 prebendariorum
1478 2289 1511 2351 in
1587 2369 1592 2379 Ι

404 2394 540 2468 eadem,
557 2405 676 2457 contra
693 2391 860 2456 discretos
878 2392 971 2455 viros
988 2392 1176 2474 magistros
1192 2389 1325 2474 Joh’em
1344 2390 1386 2454 de
1405 2390 1510 2461 Aton,
1528 2369 1702 2482 ssffi'fflff,

406 2492 511 2557 Curic
545 2491 649 2555 Ebor.
682 2489 887 2566 Officialem,
915 2504 948 2555 et
969 2491 1104 2575 Joh'em
1129 2491 1172 2555 de
1199 2489 1396 2563 Wodhous,
1428 2488 1668 2576 lice-mucam-

405 2605 515 2656 torem
537 2592 619 2655 eccl.
639 2590 681 2654 de
706 2590 832 2653 Sutton
858 2610 962 2672 super
988 2590 1162 2665 Derwent,
1183 2611 1219 2653 se
1244 2587 1514 2653 Commissarios
1530 2581 1696 2620 '¹¹¹*⁵¹⁰¹¹‘'‘⁵·

407 2705 542 2755 vestros
589 2691 622 2753 in
670 2712 776 2754 causa
822 2710 925 2772 super
970 2689 1264 2771 augmentacione
1311 2687 1513 2770 porcionum

407 2791 615 2855 vicariatum
634 2790 723 2855 dicte
743 2789 884 2875 Rypon'
902 2790 1045 2854 ecclesie
1065 2789 1307 2872 pretendentes
1331 2786 1513 2870 speciales,

409 2912 544 2956 necnon
575 2904 695 2955 contra
723 2912 968 2973 quemcunque
996 2890 1098 2954 officii
1128 2890 1231 2953 vestri
1266 2888 1299 2950 in
1330 2888 1394 2950 bac
1423 2901 1517 2969 parte

410 3005 657 3075 promotorem,
692 3004 724 3055 ct
762 3005 881 3055 eontra
916 2991 1106 3073 quemlibet
1146 3011 1208 3072 pro
1238 2989 1368 3053 eisdem
1400 3008 1515 3051 coram

408 3091 511 3155 vobis
543 3091 576 3153 in
611 3090 739 3155 iudicio
772 3091 926 3174 legitime
954 3102 1224 3173 comparentem,
1256 3088 1348 3169 quod
1382 3087 1447 3170 ipsi
1482 3087 1514 3149 in

407 3191 529 3255 eadem
570 3211 675 3255 causa
713 3212 754 3254 ex
793 3190 907 3254 officio
947 3203 1061 3253 vestro
1107 3190 1150 3253 ad
1196 3188 1512 3270 interpellacionem
1530 3200 1712 3261 presentantur

1531 3134 1712 3181 thatontbnrt

407 3288 616 3354 vicariorum
664 3289 818 3353 eiusdem
861 3290 1005 3353 ecclesie
1053 3309 1231 3371 perperam
1277 3286 1511 3370 procedentes
1528 3264 1712 3392 meix?

407 3388 570 3471 singulas
617 3388 798 3471 porciones
843 3389 1013 3453 dictarum
1061 3388 1278 3461 vicariarum,
1321 3408 1388 3467 que
1430 3386 1684 3448 satisnonswere

411 3488 545 3552 notorie
568 3487 707 3551 fuerunt
731 3501 762 3551 et
787 3487 867 3552 sunt
889 3509 1045 3571 congrue
1068 3487 1289 3561 sufficientes,
1318 3485 1350 3547 in
1377 3506 1514 3548 summa
1527 3460 1702 3588 ffl‘ffl

410 3588 557 3670 pecunie
588 3588 767 3652 excessiua
798 3589 840 3652 dc
877 3588 1068 3652 redditibus
1107 3599 1140 3651 et
1179 3585 1406 3669 prouentibus
1444 3586 1691 3648 sin-havemade

409 3689 572 3767 gularum
593 3687 845 3769 prebendarum
863 3688 952 3751 dicte
976 3690 1057 3751 eccl.
1082 3685 1234 3770 Rypon',
1253 3688 1386 3766 absque
1410 3705 1515 3748 eausa
1528 3672 1712 3783 ffiffflffi

410 3786 612 3851 racionabili
652 3799 685 3850 et
723 3787 823 3860 iusta,
865 3800 984 3850 contra
1025 3786 1194 3849 iusticiam
1235 3785 1515 3866 augmentandas
1529 3787 1708 3849 profluum

408 3886 666 3950 sentencialiter
682 3901 714 3949 et
730 3886 913 3949 diffinitiue
931 3887 1206 3968 pronunciarunt
1222 3898 1255 3947 et
1275 3884 1512 3960 decreverunt,
1529 3853 1673 3916 '‘s‘⁹¹'⁰'¹‘¹⁸'

408 4006 449 4050 ac
482 3985 577 4067 ipsas
609 3986 790 4068 porciones
824 3987 856 4047 in
890 3999 922 4049 et
949 3987 992 4050 ad
1021 4008 1194 4049 summam
1227 3985 1442 4048 excessiuam
1474 3986 1516 4049 de

410 4084 602 4148 redditibus
629 4100 661 4148 et
690 4086 916 4168 prouentibus
945 4084 1145 4148 huiusmodi
1174 4098 1457 4167 augmentarunt,
1476 4107 1517 4150 ac

410 4183 611 4266 Capitulum
651 4197 685 4248 et
715 4185 913 4249 Canonicos
952 4186 1067 4249 eccl’ie
1110 4185 1250 4269 Rypon'
1291 4186 1441 4268 predicte
1481 4188 1513 4250 in

409 4283 575 4365 expensis
605 4283 703 4347 factis
736 4284 769 4345 in
800 4298 991 4348 memorato
1024 4284 1171 4366 negocio
1200 4284 1326 4349 iniuste
1353 4285 1516 4350 condem-

409 4384 444 4460 (8
465 4385 512 4463 v.)
538 4398 673 4458 narunt,
713 4384 746 4446 in
787 4385 956 4449 dictorum
994 4383 1146 4465 Capituli
1186 4397 1218 4446 et
1257 4384 1511 4448 Canonicorum

410 4480 639 4565 preludicium
659 4504 727 4546 non
748 4485 922 4547 modicum
947 4497 1052 4564 atquc
1075 4482 1280 4564 dampnum.
1331 4485 1361 4545 Α
1386 4473 1711 4588 quibusssndftnjtffilp·

409 4580 552 4664 quidem
586 4584 890 4664 pronunciacione,
925 4583 1073 4655 decret0,
1100 4594 1133 4644 et
1160 4583 1451 4665 augmentacione
1475 4556 1707 4669 acrcdduceddider

408 4679 732 4762 condempnaeione
764 4702 994 4765 expensarum
1030 4679 1169 4759 iniquis,
1205 4696 1237 4744 et
1269 4695 1444 4761 tamquam
1470 4685 1515 4745 ab
1529 4671 1553 4717 ³¹¹
1567 4683 1649 4719 ⁰⁰⁸¹*

418 4778 549 4851 ‘sin
558 4779 689 4853 (έιῖιῑὲέῑᾶιῖ
700 4781 727 4853 ὦ
739 4782 796 4854 uls.
865 4810 875 4830 2
893 4805 949 4852 uor
962 4804 987 4850 in
1002 4803 1058 4849 us.

587 4890 604 4932 2
