3950 5625
420 693 466 787 76
711 705 789 768 Tun
814 701 970 768 Inonur
995 702 1242 770 Munuscrnrr.

418 902 468 966 pr.
488 897 551 947 ser.
571 882 631 968 sig.
651 903 697 948 m.
717 883 871 966 apposui.
920 883 964 948 H.
984 889 1023 959 t.,
1043 883 1157 948 Will'o
1175 885 1217 949 de
1235 884 1425 960 Thomton,
1446 891 1533 950 tunc

419 987 546 1052 balliuo
573 987 711 1071 Ripon',
740 986 869 1052 Rob'to
896 987 1152 1072 Dispensatore,
1180 995 1215 1054 et
1241 988 1355 1053 Will'o
1382 989 1533 1054 Redhod

419 1097 502 1156 tunc
522 1091 723 1156 custodibus
743 1092 973 1175 prenominati
993 1092 1181 1168 luminaris,
1203 1093 1328 1176 Joh’ne
1348 1093 1390 1158 de
1410 1094 1532 1169 Ebor.,

417 1195 521 1261 Walt'
553 1196 594 1260 de
625 1195 771 1272 Rouclif,
802 1195 915 1261 Will'o
945 1195 1171 1281 Constentyn,
1203 1197 1332 1261 Gilb'to
1361 1197 1532 1273 Vinetar’,

418 1306 452 1365 et
471 1300 589 1365 multis
609 1300 692 1366 aliis.

806 1405 893 1488 (111)
921 1405 977 1469 DE
1002 1422 1140 1470 EODEM.

504 1535 614 1600 Omn.·
633 1535 724 1599 hom.
753 1555 803 1618 pr.
831 1554 892 1598 scr.
921 1534 1025 1600 visur.
1053 1535 1108 1599 vel
1134 1535 1314 1612 audituris,
1342 1535 1460 1600 Nich’s
1487 1536 1531 1601 de

418 1639 554 1704 Bethlu'
572 1659 619 1704 sa.
645 1638 680 1703 in
705 1639 805 1702 D'no
859 1639 981 1704 Sciatis
1005 1660 1060 1703 me
1084 1639 1209 1704 Diuine
1233 1640 1373 1724 pietatis
1397 1640 1531 1705 intuitu

417 1743 493 1808 ded.
513 1750 547 1808 et
564 1764 597 1827 p.
616 1765 644 1807 c.
664 1743 752 1808 conf.
773 1743 856 1806 Deo,
875 1749 910 1807 et
928 1744 1006 1807 ecel.
1027 1745 1058 1808 b.
1078 1743 1130 1808 W.
1150 1744 1192 1808 de
1210 1744 1251 1808 R.
1271 1765 1379 1809 vnum
1397 1745 1529 1809 toftum

416 1847 451 1912 in
479 1848 678 1931 Winkeslay
706 1847 800 1932 apud
828 1847 1030 1923 Wodhuses,
1060 1848 1145 1912 illud
1173 1869 1218 1912 sc.
1248 1849 1343 1932 quod
1372 1849 1527 1914 Bemard

418 1952 495 2017 Rok
525 1958 559 2016 et
590 1951 688 2016 Nieh.
720 1952 750 2015 le
781 1952 902 2016 Potter
931 1958 1128 2028 tenuerunt,
1160 1952 1205 2017 ad
1234 1953 1527 2018 sustentacionem

415 2057 497 2122 noui
518 2057 667 2133 luminis,
688 2076 750 2141 pro
769 2056 930 2121 habenda
949 2056 1162 2121 relaxacione
1182 2057 1228 2139 vij
1252 2057 1385 2122 dierum
1405 2080 1425 2122 a
1445 2058 1528 2122 d'no

416 2162 568 2227 Waltero
601 2161 783 2245 Archiep'o
817 2181 986 2225 concessa.
1036 2161 1133 2226 Pred.
1171 2181 1251 2226 vero
1286 2167 1413 2227 terram
1447 2183 1527 2228 cum

416 2272 502 2350 pert.
522 2265 672 2331 concessi
691 2271 725 2330 et
744 2265 822 2329 dedi
840 2265 934 2349 pred.
955 2265 1092 2329 ecclesie
1110 2265 1145 2330 in
1163 2286 1286 2349 puram
1304 2273 1339 2330 et
1357 2287 1451 2351 perp.
1472 2266 1526 2343 el.,

416 2377 451 2436 et
470 2391 546 2436 eam
566 2376 687 2435 eontra
707 2390 797 2434 omn.
820 2369 975 2433 homines
995 2370 1238 2435 warantizabo.
1287 2371 1331 2435 H.
1353 2376 1378 2435 t.
1401 2370 1528 2453 Joh’ne

415 2476 485 2540 filio
518 2475 672 2550 Michael,
706 2474 819 2538 Will’o
851 2473 896 2538 fil.
931 2473 1062 2550 Gamel,
1096 2474 1209 2539 Ranu’
1243 2475 1285 2538 de
1317 2474 1526 2560 Winkesley‚

417 2580 539 2656 Will'o,
580 2579 715 2663 Joh’ne,
756 2578 957 2663 ReginaldO,
997 2578 1074 2642 filiis
1113 2579 1280 2664 HugoniS,
1320 2576 1446 2662 Joh'ne
1485 2581 1528 2646 de

416 2685 549 2761 Hilton,
569 2684 672 2749 Walt.
693 2691 727 2749 et
746 2682 860 2747 Will’o
878 2683 920 2747 de
939 2682 1102 2759 Cluther',
1123 2688 1157 2746 et
1176 2683 1263 2748 aliis-

803 2839 891 2923 (112)
918 2839 974 2903 DE
1000 2856 1137 2904 nonen.

261 2972 399 3033 ³16-1234·
503 2970 604 3034 Omn.
649 2967 847 3032 videntibus
889 2966 944 3031 vel
987 2967 1208 3033 audientibus
1250 2969 1339 3033 hanc
1380 2976 1526 3035 cartam.

415 3072 523 3137 Gilb's
545 3073 673 3137 tinctor
695 3072 737 3137 de
760 3070 898 3154 Ripon’,
921 3092 969 3136 sa.
1017 3071 1106 3137 Nou.
1130 3072 1224 3137 vniu.
1249 3080 1365 3138 vestra
1387 3094 1442 3137 me
1464 3095 1528 3158 pro

413 3199 461 3243 sa.
483 3199 538 3243 nn.
559 3197 604 3241 m.
626 3182 735 3241 etan.
758 3175 961 3241 Constaneie
980 3197 1038 3240 vx.
1060 3198 1105 3241 m.
1127 3184 1161 3241 et
1181 3197 1243 3261 pro
1262 3197 1310 3241 sa.
1332 3178 1527 3244 animarum

414 3288 524 3347 antec.
549 3287 746 3346 nostrorum
769 3279 845 3344 ded.
871 3300 965 3344 eone.
991 3286 1025 3343 et
1049 3301 1081 3363 p.
1107 3302 1134 3345 c.
1159 3302 1204 3345 m.
1230 3282 1319 3346 conf.
1344 3281 1379 3345 in
1402 3303 1527 3366 puram

413 3393 448 3452 et
467 3407 560 3472 perp.
582 3385 622 3450 el.
644 3385 689 3451 ad
708 3391 791 3449 sust.
813 3384 970 3449 luminar.
992 3384 1121 3449 Altaris
1140 3386 1172 3450 b.
1195 3386 1238 3449 M.
1260 3386 1294 3450 in
1314 3386 1393 3451 ecel.
1416 3386 1448 3451 S.
1470 3388 1523 3453 W.

413 3493 455 3556 de
477 3492 518 3556 R.
540 3490 575 3555 in
596 3510 703 3575 perp„
725 3488 796 3573 vjd.
820 3508 953 3553 annuos
973 3489 1018 3554 ad
1039 3489 1125 3553 duos
1146 3489 1311 3554 terminos
1330 3491 1524 3568 soluendos,

412 3596 482 3661 scil.
508 3595 580 3678 iijd.
607 3595 651 3659 ad
676 3594 773 3658 Pent.
800 3599 834 3657 et
858 3592 930 3675 iijd.
956 3594 1001 3659 ad
1025 3594 1048 3657 f.
1075 3594 1106 3658 S.
1134 3594 1177 3658 M.
1203 3594 1246 3659 de
1269 3595 1412 3660 servicio
1436 3601 1526 3661 terre
1573 3629 1577 3635 ·

412 3721 518 3785 quam
547 3720 609 3784 ego
638 3698 704 3763 emi
734 3698 775 3762 de
811 3698 916 3762 Henr.
953 3697 1035 3762 d’no
1066 3698 1108 3762 de
1140 3698 1333 3783 M'kington
1362 3699 1404 3763 de
1433 3705 1526 3766 terra

412 3825 518 3889 quam
540 3824 602 3889 ego
624 3809 658 3867 et
684 3802 891 3867 Constancia
918 3822 975 3866 vx,
999 3823 1077 3867 mea
1104 3808 1261 3867 tenemus
1288 3803 1330 3867 de
1358 3824 1398 3867 eo
1425 3803 1525 3870 iuxta

413 3909 543 3974 Emald
570 3908 611 3972 de
638 3907 748 3971 Disce.
808 3907 882 3991 Ego
907 3906 1078 3990 siquidem
1104 3907 1198 3991 pred.
1227 3906 1316 3972 Gilb.
1344 3914 1379 3971 et
1406 3908 1522 3973 Const.

413 4035 470 4079 vx.
492 4035 537 4078 m.
560 4012 684 4076 ether.
705 4011 814 4075 nostri
834 4010 1058 4075 defendemus
1077 4017 1112 4074 et
1132 4032 1210 4075 war.
1233 4012 1326 4096 pred.
1349 4012 1523 4078 redditum

413 4116 484 4201 vjd.
526 4116 619 4202 pred.
660 4115 782 4180 lumini
820 4115 854 4179 in
894 4135 987 4199 perp.
1030 4121 1198 4199 tanquam
1237 4137 1311 4200 pur.
1353 4122 1388 4179 et
1426 4138 1520 4201 perp.

413 4222 633 4287 elemosinam
648 4226 813 4285 nostram.
862 4220 906 4283 H.
924 4226 962 4295 t„
980 4220 1110 4304 Mag'ro
1125 4219 1164 4284 G.
1182 4220 1224 4283 de
1241 4221 1378 4295 Larder,
1396 4221 1521 4297 Ranu’,

412 4326 530 4402 Galir’,
546 4325 644 4410 Rog’,
658 4324 793 4407 Joh’ne,
809 4324 948 4399 Rob’to,
964 4324 1113 4399 Matheo,
1128 4324 1305 4399 Laurenc',
1319 4324 1521 4409 Capellanis,

412 4431 525 4495 Will'o
561 4430 603 4494 de
639 4428 916 4504 Wincheeumbe,
953 4434 1037 4492 tunc
1073 4429 1212 4504 balliu0,
1250 4429 1351 4512 Joh’e
1388 4429 1520 4504 Russel,

412 4535 518 4601 Galfr.
551 4535 593 4599 de
625 4534 760 4618 Gilling,
794 4532 917 4597 Nieh'o
949 4532 1099 4609 Castlok‚
1133 4533 1270 4598 Simone
1302 4535 1406 4599 fratre
1437 4533 1519 4607 eius

413 4641 524 4706 Will'o
544 4638 652 4723 Gagy,
674 4638 747 4702 Ric.
769 4636 1010 4714 inbreuiatore,
1031 4643 1066 4700 et
1085 4637 1204 4702 multis
1223 4638 1307 4702 aliis

500 4782 594 4847 Nota
612 4780 706 4866 quod
725 4779 779 4844 hic
798 4778 962 4845 deficiunt
980 4778 1003 4863 ij
1025 4779 1126 4847 solia(
