3950 5625
454 711 519 761 220
741 696 820 761 Tua
845 697 1003 761 Incuar
1027 696 1274 762 Manuscmpr.

453 895 586 939 menses
595 875 787 950 continuos
800 875 844 940 ad
858 875 920 939 Dei
934 875 1072 940 laudem
1085 881 1120 940 et
1132 876 1297 940 honorem
1309 875 1401 939 dicte
1414 874 1563 948 ecclesie,

452 978 671 1043 laudabiliter
703 985 737 1043 et
770 980 954 1044 honorifice
986 980 1175 1045 secundum
1208 979 1496 1045 consuetudinem
1530 984 1564 1043 et

452 1088 587 1147 statuta
615 1083 720 1168 ipsius
748 1083 886 1148 ecclesie
913 1084 1179 1160 continuauerit,
1209 1105 1341 1149 necnon
1370 1083 1425 1148 die
1455 1084 1563 1159 Lune,

452 1187 611 1252 videlicet
638 1188 820 1252 vndecimo
848 1189 902 1253 die
930 1188 1092 1254 instantis
1120 1189 1245 1254 mensis
1273 1187 1450 1270 Februarij
1483 1187 1564 1252 resi·

452 1291 608 1356 denciam
636 1313 735 1357 suam
764 1293 958 1358 huiusmodi
988 1294 1137 1377 plenarie
1165 1292 1390 1377 compleuerit
1418 1297 1454 1357 et
1483 1313 1564 1356 con-

453 1397 688 1472 summauerit,
702 1397 793 1461 vnde
806 1418 868 1462 nos
880 1397 1079 1482 Capitulum
1092 1398 1295 1482 predictum,
1308 1396 1564 1462 informacioni-

454 1502 528 1576 bus,
542 1501 868 1577 examinacionibus,
882 1508 917 1566 et
933 1502 1055 1567 ceteris
1067 1501 1336 1568 circumstanciis
1351 1521 1455 1586 super
1471 1501 1567 1566 dicta

454 1605 656 1670 Residencia
674 1627 734 1690 per
752 1628 813 1671 nos
831 1606 952 1690 captis,
973 1606 1140 1683 admissis,
1161 1614 1195 1671 et
1214 1607 1249 1671 in
1267 1607 1380 1671 forma
1397 1612 1565 1679 consueta

453 1709 622 1786 discussis,
655 1710 794 1795 aliquali
825 1711 1073 1776 deliberacione
1103 1712 1138 1776 in
1169 1733 1210 1777 ea
1239 1716 1337 1795 parte
1368 1710 1564 1795 prehabita,

453 1816 597 1880 eandem
630 1815 868 1880 Residenciam
899 1816 983 1880 dicti
1014 1817 1197 1881 confratris
1227 1816 1336 1880 nostri
1367 1815 1457 1881 sicut
1490 1836 1565 1900 pre-

453 1919 605 1984 mittitur
629 1920 802 2004 inceptam
826 1925 860 1983 et
884 1920 1124 1985 continuatam
1149 1942 1189 1984 ac
1213 1920 1278 1984 rite
1301 1919 1406 1984 fuisse
1430 1924 1466 1984 et
1491 1939 1564 1984 esse

452 2024 660 2107 completam
709 2029 744 2088 et
793 2030 1070 2089 consummatam
1120 2024 1218 2089 iuxta
1267 2023 1373 2108 ipsius
1423 2023 1564 2088 ecclesie

453 2126 717 2192 consuetudines
765 2134 800 2192 et
849 2134 995 2204 statuta,
1046 2129 1288 2213 approbamus,
1339 2127 1563 2202 ratificamus,

453 2232 729 2316 pronunciamus
752 2232 975 2308 decemimus
999 2239 1034 2297 et
1056 2232 1292 2307 declaramus;
1330 2232 1565 2321 Decernentes

451 2337 586 2420 prefato
606 2337 769 2401 confratri
790 2344 908 2401 nostro
928 2338 970 2402 de
990 2343 1104 2402 cetero
1124 2337 1321 2402 faciendum
1341 2337 1414 2401 fore
1434 2342 1470 2401 et
1491 2336 1563 2401 ficri

451 2441 573 2505 debere
590 2447 692 2524 prout
708 2447 743 2505 et
759 2441 848 2505 sicut
864 2441 1029 2506 canonico
1045 2448 1080 2506 et
1098 2440 1352 2506 Residenciario
1369 2440 1405 2504 in
1421 2440 1564 2505 ecclesia

451 2545 606 2629 predicta
639 2545 710 2608 fieri
745 2545 885 2610 solitum
920 2553 971 2610 est
1006 2552 1041 2610 et
1075 2552 1289 2611 consuetum.
1339 2545 1379 2609 In
1414 2565 1564 2628 quorum

452 2649 693 2733 premissorum
712 2650 948 2715 testimonium
967 2657 1073 2735 atque
1091 2650 1194 2715 fidem
1213 2651 1275 2714 has
1292 2655 1429 2714 nostras
1447 2649 1565 2714 literas

452 2754 587 2840 prefato
612 2754 741 2840 Mag’ro
766 2755 860 2838 Joh'i
885 2755 1029 2820 Sendale
1054 2755 1219 2821 confratri
1243 2759 1361 2820 nostro
1386 2753 1565 2819 antedicto

452 2859 523 2923 fieri
544 2860 686 2923 fecimus
707 2860 963 2936 testimoniales,
986 2860 1095 2945 sigillo
1116 2865 1235 2924 nostro
1254 2858 1431 2944 sigillatas
1481 2859 1563 2923 Dat.

452 2963 486 3028 in
502 2962 606 3027 domo
621 2963 809 3047 Capitulari
825 2965 904 3029 eccl.
922 2964 1004 3029 Coll.
1022 2964 1184 3049 predicte,
1202 2963 1296 3028 dicto
1310 2962 1495 3028 vndecimo
1511 2962 1565 3027 die

451 3068 576 3132 mensis
594 3068 783 3152 Februarii,
802 3069 903 3133 Anno
921 3069 1002 3133 D'ni
1021 3068 1199 3133 Millesimo
1217 3067 1566 3153 Quadringentesimo

452 3172 743 3258 Quinquagesimo
761 3194 863 3238 non0.

454 3367 541 3450 1309)
574 3366 804 3431 Aucroiuras
836 3383 1072 3431 Pumrrcuuor
1104 3381 1298 3431 numanam
1329 3382 1367 3429 ru
1398 3364 1564 3429 capram

498 3486 709 3535 rourusucA.

541 3624 738 3707 Capitulum
776 3624 914 3689 ecclesie
950 3625 1135 3710 Collegiate
1173 3624 1267 3689 beati
1305 3623 1398 3687 Petri
1437 3622 1564 3708 Ripon’

454 3728 578 3793 dilecto
606 3729 705 3793 nobis
733 3729 768 3793 in
796 3750 865 3813 xpo
893 3730 1058 3794 confratri
1085 3729 1216 3793 Thome
1245 3729 1334 3812 Day,
1363 3727 1563 3812 Monasterij

454 3833 578 3897 Sancte
602 3833 707 3897 Marie
731 3833 774 3897 de
798 3833 977 3909 Fontibus
1003 3833 1183 3909 monocho,
1212 3831 1283 3914 (sic)
1308 3830 1467 3897 salutem.
1520 3832 1567 3896 Vt

453 3937 621 4022 Agnetem
634 3957 779 4001 vxorem
791 3936 894 4001 Will'i
908 3937 1042 4002 Burton
1055 3936 1097 4001 de
1111 3936 1328 4022 Ingerthorp,
1342 3933 1565 4021 gentielman,

453 4040 699 4125 parochianam
728 4042 900 4125 prebende
929 4041 971 4105 de
1001 4041 1117 4125 Thorp
1146 4041 1180 4104 in
1210 4040 1350 4105 ecclesia
1378 4038 1567 4124 Collegiata

453 4150 572 4208 nostra
606 4144 761 4228 predicta
794 4152 872 4228 post
906 4152 1046 4230 parturn
1079 4145 1183 4229 prolis
1217 4144 1393 4209 ecclesiam
1426 4142 1567 4228 aggredi

454 4248 639 4324 volentem,
658 4249 692 4313 in
713 4249 851 4333 Capella
873 4249 939 4314 S’ci
964 4250 1137 4314 Michaelis
1160 4247 1363 4333 Archangeli
1388 4248 1422 4311 in
1447 4253 1567 4312 monte

454 4352 594 4428 situata,
626 4354 773 4437 recipere
798 4354 977 4438 eidemque
1001 4359 1217 4419 sacramenta
1240 4359 1275 4417 et
1303 4352 1567 4416 sacramentalia

454 4458 647 4521 ministrare
671 4458 798 4533 valeaS,
822 4458 886 4522 hac
908 4458 982 4522 vice
1006 4464 1144 4522 tantum
1166 4457 1257 4521 vices
1279 4462 1424 4531 nostras
1449 4461 1567 4521 aucto·

454 4562 593 4625 ritatem
607 4561 785 4626 licenciam
799 4568 833 4625 et
848 4562 1038 4645 plenariam
1051 4567 1262 4646 potestatem
1277 4566 1431 4625 nostram
1447 4566 1566 4624 tenore

454 4666 666 4749 presencium
683 4666 746 4730 tibi
764 4666 982 4730 concedimus
997 4665 1189 4750 specialem,
1204 4665 1297 4748 Jure,
1318 4663 1564 4738 iurisdiccione‚

454 4770 624 4846 libertate,
640 4769 828 4856 priuilegio,
845 4776 880 4834 et
896 4770 1203 4835 consuetudinibus
1218 4769 1344 4833 nostris
1360 4775 1394 4832 et
1411 4768 1566 4833 matricis
