3950 5625
443 681 485 747 94
734 665 812 730 Tun
839 666 995 732 inorrnr
1019 669 1266 734 Manosonrnr.

442 842 547 906 habui
572 844 626 907 vel
650 844 776 908 habere
800 847 898 928 potui
922 847 957 910 in
982 846 1040 910 illo
1064 847 1239 931 mesuagio
1262 847 1298 910 in
1323 846 1449 930 Ripon'
1475 867 1555 910 curn

441 953 527 1029 pert.
542 947 636 1031 quod
649 948 752 1013 Walt.
768 950 874 1013 frater
886 971 982 1014 meus
995 951 1098 1015 michi
1111 950 1218 1026 dedit,
1231 951 1326 1035 quod
1339 951 1555 1035 mesuagium

441 1051 528 1114 iacet
558 1052 784 1136 propinquius
811 1054 903 1117 curie
931 1055 1085 1138 Magistri
1114 1055 1147 1137 J.
1177 1054 1337 1129 Romani,
1367 1054 1554 1118 subdecani

444 1155 546 1218 Ebor.
591 1155 672 1220 Ten.
698 1156 731 1220 li.
757 1163 791 1220 et
820 1158 889 1241 qui.
915 1157 957 1220 de
986 1159 1160 1241 prebenda
1188 1179 1255 1242 que
1282 1159 1460 1242 quondam
1489 1158 1556 1222 fuit

444 1258 556 1322 Nich’i
591 1259 744 1336 Mordah,
780 1268 813 1325 et
847 1261 889 1325 de
922 1282 1011 1326 succ.
1046 1262 1152 1345 ipsius
1184 1262 1356 1346 prebende
1389 1262 1424 1326 in
1458 1282 1553 1345 perp.

446 1362 554 1428 Redd.
588 1365 667 1428 inde
698 1367 879 1430 annuatim
910 1366 1038 1431 Canon.
1072 1366 1163 1431 dicte
1193 1367 1366 1450 prebende
1397 1373 1432 1430 et
1463 1387 1554 1431 succ.

442 1472 511 1530 tres
528 1468 695 1544 denarios,
714 1490 758 1534 sc.
778 1469 812 1553 iij
833 1472 886 1534 ob.
906 1470 951 1535 ad
976 1471 1073 1535 Pent.
1093 1476 1128 1534 et
1144 1470 1178 1553 iij
1199 1472 1253 1535 ob.
1273 1471 1318 1535 ad
1335 1471 1358 1535 f.
1377 1471 1410 1535 S.
1430 1471 1474 1535 M.
1494 1491 1557 1554 pro

443 1592 533 1636 omn.
553 1573 704 1637 seruiciis
722 1580 757 1637 et
775 1574 965 1638 demandis.
1014 1575 1061 1638 Vt
1079 1580 1197 1638 autern
1215 1575 1248 1639 h.
1268 1574 1414 1638 donacio
1431 1581 1465 1638 et
1484 1575 1555 1658 qui.

442 1675 631 1740 clamancia
659 1677 701 1741 de
729 1699 784 1742 me
812 1684 846 1742 et
875 1678 917 1742 de
945 1679 1014 1742 her.
1044 1699 1089 1742 rn.
1119 1678 1154 1742 in
1183 1698 1277 1762 perp.
1308 1700 1329 1743 a
1356 1679 1492 1742 nemine
1520 1679 1556 1743 in

443 1781 588 1861 posteris
615 1782 837 1867 temporibus⁸
853 1782 961 1865 possit
987 1782 1136 1867 infringi,
1164 1802 1214 1865 pr.
1242 1803 1304 1847 scr.
1333 1783 1393 1868 sig.
1422 1803 1467 1846 rn.
1496 1803 1556 1865 ap-

443 1884 614 1967 posicione
631 1887 801 1950 roboraui.
850 1886 893 1950 H.
913 1893 938 1951 t.
958 1887 1088 1971 Mag’ro
1105 1885 1145 1950 G.
1165 1887 1207 1951 de
1224 1886 1353 1951 Larder
1369 1893 1403 1950 et
1420 1887 1553 1951 ceteris.

658 2065 745 2147 (150)
773 2065 828 2129 DE
854 2082 991 2130 EODEM.
1042 2065 1191 2148 (Similar
1212 2069 1339 2150 grant).

531 2216 632 2281 Omn.
651 2216 695 2280 ad
712 2237 798 2301 quos
811 2236 860 2299 pr.
879 2236 941 2280 scr.
956 2216 1161 2300 peruenerit,
1176 2215 1351 2281 Gunniida
1367 2216 1412 2281 fil.
1430 2216 1556 2280 Ketelli

443 2321 485 2384 de
507 2320 644 2404 Ripon',
668 2341 715 2385 sa.
764 2321 852 2385 Nou.
876 2340 931 2384 me
952 2320 1029 2384 ded.
1053 2341 1147 2384 cone.
1171 2321 1259 2384 eth.
1284 2340 1317 2403 p.
1341 2341 1369 2385 c.
1393 2341 1438 2384 rn.
1462 2321 1553 2386 coni.

442 2424 555 2488 Will’o
573 2426 691 2508 nepoti
709 2446 786 2489 meo
804 2430 838 2488 et
857 2425 1061 2508 cuicumque
1079 2424 1171 2499 dare,
1191 2423 1349 2499 vendere,
1369 2424 1553 2508 assignare,

442 2528 497 2592 vel
517 2529 744 2614 impignorare
765 2528 923 2602 voluerit,
941 2534 1057 2592 toturn
1073 2528 1128 2610 jus
1144 2535 1179 2592 et
1199 2528 1261 2592 cla.
1283 2528 1378 2612 quod
1398 2549 1555 2613 vnquam

442 2634 548 2697 habui
578 2634 632 2696 vel
662 2634 787 2697 habere
811 2633 908 2716 potui
933 2633 967 2696 in
992 2633 1049 2696 illo
1073 2632 1247 2716 mesuagio
1270 2633 1305 2697 in
1330 2632 1445 2716 Ripon
1475 2654 1555 2697 curn

442 2737 564 2820 pertin.
583 2737 677 2821 quod
694 2736 802 2801 Alicia
819 2757 914 2800 soror
929 2757 1006 2800 mea
1022 2737 1088 2808 sibi
1104 2736 1211 2811 dedit,
1228 2736 1323 2821 quod
1340 2737 1556 2822 mesuagium

441 2842 529 2905 iacet
553 2842 779 2925 propinquius
802 2842 893 2906 curie
916 2842 987 2906 d’ni
1013 2842 1115 2916 Petri,
1141 2842 1303 2906 Canonici
1328 2842 1466 2925 Ripon',
1492 2863 1555 2925 pro

441 2945 593 3028 quadam
624 2966 759 3009 summa
790 2946 932 3028 pecunie
963 2966 1069 3029 quarn
1100 2945 1203 3009 michi
1233 2945 1383 3009 contulit
1413 2946 1448 3009 in
1479 2967 1555 3010 mea

441 3069 567 3133 magna
598 3050 811 3113 necessitate.
874 3049 955 3113 Ten.
991 3055 1025 3113 et
1058 3050 1137 3113 hab.
1172 3049 1282 3113 eidem
1314 3049 1428 3114 Will'o
1460 3056 1495 3114 et
1528 3070 1553 3113 s.

443 3154 565 3237 assign.
581 3154 613 3217 li.
628 3154 698 3237 qui.
713 3153 863 3236 pacifice,
878 3155 974 3228 bene,
990 3152 1083 3217 redd.
1098 3153 1178 3217 inde
1191 3153 1373 3217 annuatim
1386 3153 1555 3237 quamdiu

443 3259 561 3322 vixero
593 3258 641 3341 jd.
676 3258 729 3321 ad.
754 3257 878 3321 Natale
906 3257 985 3320 D'ni
1019 3256 1133 3322 michi.
1181 3258 1226 3320 Et
1260 3256 1433 3321 Canonico
1466 3258 1555 3321 illius

273 3356 337 3419 (Ad-
351 3358 386 3405 de
443 3362 614 3446 prebende
631 3383 698 3445 que
716 3362 782 3425 fuit
800 3362 889 3425 bone
906 3360 1068 3424 memorie
1087 3361 1206 3445 Mag’ri
1223 3360 1298 3425 Ade
1315 3360 1358 3425 de
1377 3360 1554 3444 Meisenby

268 3424 411 3487 {elsanbyt
441 3473 476 3531 et
490 3487 579 3531 succ.
595 3487 621 3530 s.
638 3466 707 3549 iijd.
726 3486 770 3529 sc.
787 3465 820 3548 iij
839 3466 893 3529 ob.
911 3465 992 3529 adi.
1010 3464 1042 3529 S.
1060 3465 1103 3528 M.
1120 3465 1155 3528 in
1170 3465 1202 3529 h.
1219 3471 1254 3529 ct
1268 3464 1302 3548 iij
1321 3466 1375 3530 ob.
1392 3464 1437 3529 ad
1453 3465 1552 3530 Pent.

441 3592 503 3654 pro
525 3571 618 3634 omni
640 3570 782 3634 seculari
799 3569 980 3633 exaccione
1005 3569 1067 3649 (45)
1091 3575 1125 3631 et
1142 3568 1324 3633 demanda.
1372 3570 1419 3633 Et
1436 3575 1475 3633 ut
1492 3569 1555 3633 hee

440 3696 517 3739 mea
531 3674 675 3739 donacio
690 3679 724 3737 et
738 3673 808 3757 qui.
824 3673 886 3737 cla.
903 3673 945 3736 de
959 3693 1014 3736 me
1028 3679 1063 3736 et
1077 3673 1146 3736 her.
1162 3694 1207 3736 m.
1224 3673 1258 3736 in
1273 3693 1368 3757 perp.
1384 3694 1405 3737 a
1418 3673 1554 3738 nemine

440 3779 474 3843 in
504 3779 649 3862 posteris
678 3778 891 3861 temporibus
920 3777 1028 3860 possit
1060 3776 1208 3861 infringi,
1240 3797 1289 3860 pr.
1320 3797 1383 3841 scr.
1414 3777 1474 3862 sig.
1506 3798 1552 3841 m.

441 3883 659 3967 apposicione
679 3881 848 3946 roboraui.
897 3881 941 3943 H.
964 3886 989 3944 t.
1013 3880 1111 3944 Pet'o
1130 3879 1173 3944 de
1194 3881 1320 3962 Eyuill,
1342 3887 1377 3945 et
1397 3881 1529 3945 ceteris.

658 4059 744 4140 (151)
773 4058 829 4121 DE
853 4074 991 4121 EODEM.
1041 4057 1190 4138 (Similar
1211 4059 1338 4141 grant).

532 4214 583 4279 Se.
613 4235 704 4278 omn.
735 4218 807 4276 tam
832 4232 917 4295 pres.
943 4232 1049 4296 quam
1073 4212 1137 4277 fut.
1163 4211 1257 4295 quod
1284 4232 1346 4296 ego
1373 4212 1477 4277 Walt.
1506 4213 1551 4279 fil.

445 4318 570 4383 Ketelli
589 4318 631 4381 de
651 4316 764 4400 Ripon
784 4316 862 4379 dedi
881 4336 974 4380 conc.
996 4325 1030 4379 et
1054 4316 1086 4380 h.
1107 4335 1140 4398 p.
1161 4336 1188 4380 c.
1209 4335 1254 4379 m.
1275 4315 1364 4380 coni.
1385 4316 1427 4379 de
1445 4336 1500 4380 me
1518 4323 1553 4380 et

444 4424 513 4488 her.
531 4443 589 4497 m,
607 4427 722 4485 totum
741 4420 796 4504 jus
816 4420 909 4504 quod
932 4419 1038 4484 habui
1062 4420 1116 4482 vel
1138 4420 1263 4483 habere
1284 4420 1383 4502 potui
1404 4420 1439 4483 in
1462 4420 1551 4485 med.

443 4527 523 4591 toiti
540 4526 606 4590 mei
623 4526 657 4589 in
675 4525 788 4608 Ripon
805 4545 884 4588 cum
900 4523 1020 4587 maiori
1037 4523 1140 4587 domo
1156 4543 1233 4587 mea
1248 4523 1343 4607 quod
1359 4524 1447 4587 iacet
1463 4524 1554 4588 inter

442 4630 653 4714 prebendam
673 4650 740 4713 que
761 4628 827 4692 fuit
848 4630 937 4691 bone
957 4627 1120 4690 memorie
1141 4627 1212 4691 d'ni
1233 4626 1336 4691 Will’i
1357 4628 1399 4691 de
1419 4627 1552 4692 Orliens

442 4734 619 4821 quondam
635 4732 796 4797 Canonici
814 4731 938 4815 Ripon'
956 4736 991 4793 et
1007 4729 1137 4795 toftum
1153 4731 1312 4795 Elianore
1327 4730 1370 4795 de
1387 4731 1550 4795 Midelton
