3950 5625
770 693 868 757 Acts
892 710 939 756 os
963 692 1153 758 eurum.
1476 713 1514 774 25

406 866 521 930 decem
558 867 795 952 quadrigatas
829 869 928 931 turbe
961 882 1128 950 perpetuo
1158 868 1311 951 singuiis
1341 868 1444 931 aunis
1475 868 1516 931 de

407 987 504 1030 mora
526 966 683 1031 eiusdem
711 967 796 1031 viiie
825 967 1036 1051 percipiend.
1069 967 1116 1030 itti
1145 982 1179 1032 et
1206 968 1391 1032 heredibus
1419 967 1516 1037 suis;

405 1065 562 1130 Teneud.
579 1065 622 1130 de
640 1067 746 1131 nobis
761 1066 1015 1150 imperpetuum
1032 1066 1138 1131 libere
1150 1081 1183 1131 et
1199 1066 1325 1149 quiete,
1343 1066 1517 1130 reddendo

406 1165 509 1229 nobis
525 1164 709 1229 annuatim
726 1187 789 1249 pro
806 1166 900 1229 omui
919 1165 1068 1230 seruicio
1084 1180 1117 1231 et
1133 1167 1317 1231 exaccione
1334 1165 1514 1230 duodecim

403 1265 570 1330 denarios
602 1267 794 1330 solvendos
822 1267 864 1330 ad
895 1265 1122 1330 Pentecosten
1148 1279 1181 1330 et
1204 1289 1264 1330 sex
1288 1266 1450 1330 denarios
1472 1266 1515 1328 ud

404 1363 533 1428 festum
566 1365 721 1430 Martini.
785 1365 917 1429 Omnia
945 1366 1097 1448 predicta
1124 1389 1201 1431 eum
1234 1367 1450 1431 aisiamentis
1482 1366 1514 1428 in

405 1465 610 1530 introitibus
644 1479 677 1530 et
712 1466 874 1539 exitibus,
911 1467 943 1529 in
987 1468 1088 1549 aquis
1128 1468 1160 1530 in
1203 1468 1268 1531 viis
1303 1481 1334 1531 et
1370 1467 1513 1539 semitis,

403 1564 571 1630 dedimus
588 1578 621 1630 et
636 1567 875 1631 concessimus
893 1566 1025 1649 prefato
1044 1563 1146 1628 Petro
1163 1576 1195 1627 et
1219 1563 1404 1626 heredibus
1428 1562 1512 1635 suis,

404 1686 477 1747 que
513 1664 679 1749 Rogerus
703 1666 746 1730 de
772 1666 898 1750 Neuby
921 1665 1015 1730 dedit
1038 1677 1071 1729 et
1094 1677 1187 1728 carta
1210 1686 1274 1727 sua
1298 1661 1518 1727 confirmauit

409 1766 490 1829 Deo
506 1779 540 1830 et
557 1767 688 1830 Sancto
706 1765 874 1830 Wilfrido
895 1779 928 1830 et
953 1765 1054 1830 uobis
1080 1765 1112 1826 in
1139 1775 1339 1846 perpetuam
1366 1762 1517 1827 elimosi-

406 1886 504 1928 nam.
556 1864 639 1930 Hiis
655 1865 812 1941 testibus,
833 1880 895 1931 etc.

485 2076 556 2156 (22)
582 2074 733 2156 (Gnnsr
757 2093 803 2138 os
829 2093 949 2138 tusus
975 2093 1020 2137 nv
1048 2073 1182 2138 Rousu
1209 2091 1256 2135 ns
1283 2073 1439 2147 Nesus).

499 2238 622 2303 Sciant
639 2260 771 2312 omnes,
792 2252 861 2302 tam
882 2252 1057 2320 presentes
1079 2260 1183 2320 quarn
1203 2237 1318 2312 futuri,
1338 2237 1430 2318 quod
1449 2259 1517 2320 ego

410 2338 581 2422 Rogerus
613 2339 655 2401 de
687 2338 813 2422 Neuby
841 2339 918 2402 dedi
945 2351 978 2402 et
1005 2338 1159 2403 concessi
1186 2352 1219 2401 et
1248 2337 1396 2419 presenti
1425 2352 1518 2400 cartu

407 2437 618 2503 coufirmaui
640 2438 716 2503 Deo
733 2451 765 2502 et
785 2440 915 2503 Sancto
933 2437 1099 2502 Wilfrido
1123 2452 1155 2502 et
1179 2437 1357 2501 canonicis
1381 2437 1455 2500 suis
1476 2437 1518 2501 de

412 2537 546 2620 Ripon'
580 2538 614 2601 in
655 2553 855 2620 perpetuam
896 2539 1136 2614 elemosinam,
1172 2558 1279 2600 unum
1320 2537 1441 2600 toftum
1484 2537 1516 2599 in

412 2638 541 2723 Neuby
569 2660 610 2702 ex
639 2653 784 2720 vtraque
813 2654 907 2722 parte
936 2639 990 2702 vie
1018 2660 1128 2720 vsque
1156 2638 1198 2700 ad
1229 2637 1322 2701 Yore
1352 2638 1519 2720 protensit

411 2739 491 2819 (sic)
524 2738 721 2821 proximum
758 2738 842 2803 tofto
882 2738 1036 2815 hienrici,
1071 2752 1104 2801 et
1138 2752 1206 2800 tres
1236 2758 1334 2801 acras
1365 2752 1452 2801 terre
1484 2737 1517 2799 in

411 2860 538 2921 campo
570 2838 725 2903 eiusdem
759 2839 851 2915 ville,
882 2840 1023 2915 scilicet,
1051 2860 1154 2901 vnam
1188 2859 1302 2901 acram
1331 2838 1363 2899 in
1393 2838 1520 2902 lnerost

412 2951 446 3003 et
471 2938 504 3001 in
528 2938 697 3003 Vttecroft
722 2939 809 3003 inter
832 2952 955 3003 terram
982 2939 1150 3014 Simonis,
1176 2940 1317 3001 alteram
1343 2959 1456 3002 acram
1485 2938 1516 3000 in

414 3038 621 3113 Tranholm,
653 3060 756 3101 vnam
791 3040 989 3121 perticatam
1024 3039 1056 3101 in
1090 3037 1324 3121 langlandes,
1355 3051 1388 3100 et
1414 3059 1516 3099 vnum

416 3139 615 3220 perticatam
635 3138 729 3202 iuxta
746 3139 928 3223 Staynros,
949 3153 981 3204 et
1002 3139 1181 3201 dimidiam
1207 3158 1321 3200 aeram
1349 3137 1381 3198 in
1404 3137 1519 3220 Lang-

416 3237 593 3321 iayreland
622 3249 655 3300 et
684 3237 716 3299 in
746 3238 997 3302 Schortlandes
1030 3238 1206 3321 proximas
1238 3251 1325 3300 terre
1357 3259 1424 3318 que
1457 3236 1518 3300 fuit

417 3335 573 3410 Henrici,
594 3336 731 3399 terciam
750 3358 864 3400 aeram
882 3338 925 3400 ad
944 3338 1149 3401 Tendelhau
1169 3337 1211 3399 de
1233 3335 1410 3399 dominico
1428 3357 1515 3409 meo,

414 3435 594 3499 dimidiam
627 3457 741 3499 acram
770 3449 803 3500 et
830 3459 933 3500 vuam
969 3438 1168 3520 perticataur
1197 3436 1240 3498 ad
1273 3436 1449 3511 Salhacre,
1484 3451 1519 3501 et

416 3557 518 3599 unam
553 3535 751 3619 perticatam
790 3537 832 3599 ad
867 3537 1090 3621 Brathegata,
1126 3536 1301 3618 proximas
1334 3548 1420 3600 terre
1451 3558 1519 3618 que

415 3634 478 3699 fuit
497 3635 652 3699 Henrici.
705 3635 747 3699 Et
765 3652 940 3718 pasturam
959 3637 992 3699 xl
1014 3637 1133 3700 ouium
1155 3649 1188 3699 et
1212 3649 1289 3699 octo
1312 3635 1516 3699 animalium

415 3748 448 3799 et
485 3735 589 3799 vnius
623 3736 715 3817 equi,
750 3749 782 3799 et
813 3738 930 3801 decem
963 3737 1190 3820 quadrigatas
1222 3738 1320 3799 turbe
1353 3753 1519 3818 perpetuo

415 3834 567 3920 singulis
588 3835 691 3902 annis
712 3836 754 3900 de
778 3858 874 3900 mora
897 3858 973 3900 mea
999 3835 1248 3918 percipiendas.
1300 3835 1456 3899 Tenend.
1476 3837 1518 3900 de

416 3956 470 3999 me
497 3948 531 3999 et
559 3934 743 3999 heredibus
773 3935 859 3999 meis
888 3935 1155 4019 imperpetuum,
1185 3936 1302 4009 libere,
1330 3936 1455 4017 quiete,
1487 3950 1520 4000 et

414 4035 528 4098 solute
551 4036 595 4098 ab
618 4035 713 4097 omni
739 4035 887 4099 seruicio
911 4050 944 4099 et
967 4036 1164 4111 exaccione,
1191 4049 1336 4117 excepto
1360 4058 1400 4100 co
1424 4038 1517 4117 quod

416 4132 535 4217 prefati
563 4132 730 4198 Canoniei
759 4136 898 4220 soluent
924 4136 1105 4198 annuatim
1140 4136 1242 4198 michi
1272 4150 1305 4199 et
1334 4137 1518 4201 heredibus

417 4233 502 4297 meis
547 4234 590 4296 ad
637 4233 760 4297 festum
809 4236 926 4298 Sancti
977 4235 1117 4298 Martini
1166 4257 1225 4299 sex
1271 4235 1433 4300 denarios
1474 4238 1518 4300 ad

415 4333 641 4415 quietandum
671 4331 880 4398 forinsecum
905 4337 1103 4399 seruicium.
1171 4336 1239 4398 lsta
1266 4336 1415 4417 predicta
1439 4358 1517 4399 eum

414 4433 630 4496 aisiamentis
648 4433 681 4495 in
706 4433 903 4496 introitibus
928 4449 960 4497 et
983 4436 1144 4512 exitibus,
1167 4436 1198 4497 in
1227 4436 1291 4499 viis
1316 4451 1348 4499 ct
1372 4437 1515 4513 semitis,

414 4554 483 4617 ego
508 4545 541 4595 et
565 4532 708 4595 heredes
734 4532 799 4595 mei
827 4533 904 4597 Deo
928 4549 960 4597 et
985 4537 1085 4598 beato
1112 4534 1276 4598 Wilfrido
1301 4550 1333 4598 et
1358 4536 1519 4617 predictis

416 4631 604 4696 Canonicis
634 4633 794 4696 dedimus
826 4645 858 4696 et
896 4633 1144 4708 concessimus,
1179 4646 1211 4696 et
1247 4646 1366 4697 contra
1397 4656 1519 4700 omnes

415 4732 748 4817 guarantizabimus.
800 4731 881 4816 Hijs
897 4732 1055 4808 testibuS,
1075 4743 1137 4794 etc.
