3950 5625
743 713 838 781 Acrs
862 734 908 781 or
931 714 1110 781 Cunerrn.
1421 701 1483 781 261

371 889 519 957 eandem
545 892 744 958 Cantariam
776 895 911 978 pretato
941 894 1124 960 Ordinatio
1155 901 1329 979 presentet
1361 895 1485 960 admit-

368 997 516 1061 tendum
551 997 633 1072 fore,
670 1005 704 1062 et
739 999 774 1063 in
809 999 929 1063 eadem
965 999 1127 1064 canonice
1163 1000 1415 1065 instituendum
1450 1007 1485 1065 et

368 1100 604 1166 inducendum
623 1103 711 1167 sicut
730 1103 924 1186 predictum
944 1110 1007 1178 est,
1027 1104 1125 1168 saluo
1143 1124 1278 1189 semper
1295 1104 1394 1169 nobis
1413 1105 1481 1168 her.

366 1210 403 1268 et
417 1205 543 1290 assign.
560 1206 642 1271 n'ris
656 1207 690 1271 in
705 1207 773 1271 alia
786 1229 1005 1292 quacumque
1020 1207 1111 1272 dicte
1125 1208 1285 1273 Cantarie
1300 1208 1483 1273 vocacione
1514 1196 1611 1259 sarving
1632 1194 1680 1243 “¹⁶

368 1308 442 1373 iure
457 1309 532 1374 n'ro
547 1309 632 1374 alias
646 1311 868 1395 presentandi
885 1312 929 1375 ad
944 1311 1089 1376 eandem
1105 1312 1194 1376 inira
1208 1333 1316 1377 vnum
1332 1332 1483 1377 mensem
1498 1261 1698 1393 rsillrtgrssfailiie

370 1419 451 1498 post
471 1413 663 1498 quamlibet
684 1415 788 1479 aliam
809 1415 915 1480 eiusd.
939 1416 1038 1480 Cant.
1062 1417 1292 1492 vacacionem,
1315 1437 1355 1481 ac
1375 1416 1483 1481 eciam
1496 1396 1698 1512 ⁰{ftffissffi'f

370 1517 469 1582 saluo
498 1518 582 1601 pref.
612 1539 755 1603 persone
782 1521 877 1604 pred.
907 1519 987 1584 eccl.
1019 1520 1061 1584 de
1089 1520 1195 1585 Wath
1222 1521 1282 1605 qui
1310 1542 1372 1605 pro
1400 1527 1482 1586 tem.
1498 1530 1590 1578 rutum
1612 1542 1697 1576 cases.

370 1621 477 1686 fuerit
501 1623 572 1687 iure
596 1643 659 1688 suo
683 1623 768 1687 alias
792 1624 1013 1708 presentandi
1039 1624 1083 1688 ad
1107 1624 1252 1688 eandem
1276 1625 1365 1690 inira
1389 1624 1482 1708 pred.

369 1732 450 1790 octo
471 1726 543 1790 dies
564 1727 629 1791 sibi
651 1733 691 1791 vt
712 1728 907 1812 predictum
928 1734 980 1792 est
1002 1728 1172 1793 limitatos
1193 1729 1297 1793 modo
1318 1735 1353 1793 et
1375 1730 1486 1794 torma

370 1831 528 1914 superius
547 1831 740 1897 declaratis.

458 1997 504 2060 Et
528 1997 556 2061 si
580 1997 672 2062 idem
697 1998 898 2082 Capitulum
926 1998 1005 2063 eccl.
1032 1987 1115 2063 Coll.
1142 1998 1235 2083 pred.
1262 1999 1485 2083 Capelianum
1506 1998 1531 2047 Π
1544 1997 1691 2111 thequap-

370 2101 547 2186 ydoneum
580 2102 625 2166 ad
658 2102 796 2167 Cantar.
833 2102 926 2187 pred.
962 2102 1052 2167 inira
1084 2103 1256 2186 predictos
1289 2103 1485 2187 quindecim
1498 2064 1613 2194 ,fssgssgq
1627 2076 1700 2178 {¹1³ssss

371 2206 445 2270 dies
482 2205 593 2271 eidem
630 2206 789 2291 Capitulo
827 2207 995 2272 limitatos
1032 2228 1101 2272 non
1139 2208 1387 2290 presentauerit
1425 2228 1485 2272 seu
1508 2197 1692 2312 lhfeffl'ltff

372 2316 569 2395 presentare
617 2311 815 2396 neglexerit,
865 2318 948 2375 tunc
997 2311 1156 2376 volumus
1204 2312 1404 2377 ordinamus
1451 2317 1486 2374 et
1517 2279 1665 2395 ⁰present,

372 2414 591 2479 concedimus
615 2435 675 2498 per
699 2420 874 2498 presentes
899 2415 993 2498 quod
1018 2414 1075 2480 Ca.
1102 2414 1181 2479 eccl.
1208 2415 1307 2479 Cath.
1333 2417 1366 2480 b.
1393 2414 1487 2479 Petri

372 2517 476 2582 Ebot.
510 2517 568 2581 illa
599 2518 673 2582 vice
705 2524 740 2581 et
772 2517 832 2582 illa
863 2518 1050 2582 vacacione
1082 2518 1171 2583 inira
1202 2518 1385 2584 duodecim
1417 2519 1490 2583 dies

373 2621 545 2705 predictos
567 2621 764 2706 quindecim
784 2622 879 2686 dies1
902 2622 1037 2705 prelato
1060 2622 1116 2687 Ca.
1136 2622 1214 2687 eccl.
1235 2622 1317 2687 Coll.
1335 2623 1429 2707 pred.
1455 2623 1488 2687 in

373 2726 486 2791 forma
524 2726 681 2810 predicta
720 2727 888 2790 limitatos
929 2726 1129 2790 immediate
1167 2747 1262 2810 prox.
1295 2733 1487 2812 sequentes,

373 2831 598 2915 Capelianum
629 2832 805 2915 ydoneum
837 2832 881 2895 ad
913 2831 1012 2895 Cant.
1040 2831 1134 2916 pred.
1163 2838 1337 2915 presentet
1365 2832 1490 2897 admit-

376 2936 520 3001 tendum
541 2936 613 3000 iore
634 2943 668 2999 et
690 2937 724 3000 in
741 2936 862 3000 eadem
879 2936 1042 3000 Cantaria
1059 2937 1221 3002 canonice
1238 2937 1491 3001 instituendum

377 3045 412 3103 et
435 3039 669 3105 inducendum
692 3041 783 3104 sicut
807 3040 1001 3124 predictum
1025 3046 1089 3115 est,
1115 3041 1211 3104 saluo
1235 3061 1369 3125 semper
1392 3026 1704 3142 nobis⁸³Jj¹fffillg¹l⁵

378 3144 447 3209 her.
478 3150 513 3208 et
542 3144 665 3229 assign.
695 3145 777 3210 n'ris
806 3145 840 3208 in
870 3145 937 3209 alia
964 3165 1183 3228 quacumque
1212 3145 1303 3209 dicte
1331 3123 1703 3236 Cantarieanderqnap-

378 3249 562 3313 vacacione
584 3249 656 3313 iure
678 3255 796 3314 nostro
818 3248 902 3313 alias
924 3248 1145 3331 presentandi
1168 3249 1212 3313 ad
1234 3249 1378 3314 eandem
1401 3249 1490 3313 inira
1503 3231 1545 3277 ω
1558 3226 1587 3276 ⁰¹
1602 3227 1703 3290 ¹³¹¹'⁰¹¹·

377 3373 486 3418 vnum
513 3373 665 3417 mensem
693 3359 771 3436 post
798 3352 989 3437 quamlibet
1018 3352 1123 3416 aliam
1150 3353 1302 3417 eiusdem
1330 3352 1489 3417 Cantarie

378 3458 608 3533 vacacionem,
627 3478 667 3522 ac
684 3458 780 3521 saluo
797 3457 932 3541 prefato
949 3477 1093 3540 persone
1110 3457 1204 3540 pred.
1224 3458 1304 3522 eccl.
1324 3457 1366 3521 de
1384 3458 1489 3521 Wath

376 3561 436 3646 qui
455 3582 518 3646 pro
538 3568 618 3626 tem.
640 3562 742 3625 fuerit
762 3562 833 3625 iure
853 3582 915 3626 suo
935 3561 1020 3625 alias
1040 3562 1259 3644 presentandi
1280 3561 1325 3625 ad
1345 3561 1490 3626 eandem

376 3663 465 3730 inira
483 3664 655 3749 predictos
675 3671 753 3729 octo
772 3666 844 3730 dies
863 3666 1019 3749 superius
1037 3665 1103 3728 sibi
1122 3665 1300 3740 limitatoS,
1321 3687 1362 3729 ac
1380 3664 1489 3731 eciam

375 3769 472 3834 saluo
490 3770 574 3854 pref.
594 3770 651 3834 Ca.
671 3769 750 3835 eccl.
770 3769 844 3834 coll.
864 3769 1061 3853 supradicte
1079 3769 1151 3833 iure
1169 3790 1232 3833 suo
1250 3770 1336 3833 alias
1353 3789 1489 3853 presen-

376 3874 473 3939 tandi
498 3875 543 3939 ad
568 3873 712 3938 eandem
737 3875 827 3938 inira
851 3873 944 3958 pred.
972 3872 1170 3957 quindecim
1194 3872 1267 3936 dies
1291 3873 1403 3937 eidem
1428 3872 1486 3939 Ca.

376 3978 454 4043 eccl.
483 3978 557 4043 coll.
586 3978 782 4062 supradicte
807 3978 962 4061 superius
986 3977 1164 4050 limitatos,
1190 3977 1294 4041 modo
1317 3983 1352 4040 et
1377 3976 1489 4042 iorma

376 4082 531 4167 superius
542 4083 757 4166 expressatis,
806 4082 852 4145 Et
864 4082 891 4145 si
903 4081 997 4166 pred.
1012 4080 1068 4145 Ca.
1083 4080 1162 4145 eccl.
1176 4080 1277 4145 Cath.
1290 4080 1487 4164 supradicte
1503 4071 1599 4187 ¹t¹erl¹ffs
1613 4072 1691 4187 §¹¹³¹ss

376 4184 465 4251 inira
499 4186 671 4269 predictos
705 4185 886 4250 duodecim
921 4186 994 4250 dies
1028 4185 1140 4248 eidem
1174 4184 1231 4250 Ca.
1270 4185 1349 4249 eccl.
1387 4184 1485 4250 Cath.
1514 4154 1691 4266 neglectim

375 4290 571 4374 supradicte
599 4290 756 4374 superius
785 4289 953 4353 limitatos
983 4288 1207 4372 Capellanum
1238 4288 1412 4372 ydoneum
1443 4289 1487 4353 ad
1501 4269 1705 4387 “elgfssf'ffrygffem

376 4394 513 4459 Cantar.
543 4394 734 4478 predictam
762 4392 897 4477 prelato
927 4392 1110 4458 Ordinario
1138 4413 1207 4455 non
1236 4392 1486 4475 presentauerit
1507 4403 1693 4466 cliantryand

376 4518 435 4563 seu
464 4504 660 4582 presentare
690 4497 887 4581 neglexerit,
919 4503 1003 4561 tunc
1033 4495 1101 4559 vol.
1134 4494 1206 4559 ord.
1238 4501 1273 4558 et
1302 4516 1396 4559 conc.
1428 4516 1489 4579 per
1520 4470 1636 4531 ¹'‘⁰⁰⁰⁰‘¹
1656 4477 1685 4520 ²⁰

1515 4535 1685 4595 institution,

377 4607 550 4686 presentes
572 4602 666 4686 quod
688 4599 753 4665 loci
775 4600 863 4665 illius
882 4600 1085 4666 Ordinarius
1106 4599 1167 4683 qui
1187 4619 1249 4683 pro
1270 4605 1350 4663 tem.
1372 4598 1486 4675 fuerit,

451 4806 457 4827 ¹
478 4801 585 4866 Supply
599 4803 663 4850 here
678 4809 692 4822 ¹·
703 4799 863 4848 immediate
877 4799 1003 4864 proxime
1013 4804 1161 4863 sequentes
1170 4798 1185 4817 '¹
1201 4798 1273 4848 trom
1284 4799 1332 4847 the
1342 4803 1411 4847 next
1424 4800 1486 4848 line.
