3950 5625
706 721 800 786 Acrs
824 740 869 786 or
892 722 1071 787 emmau.
1382 739 1441 805 171

333 902 484 966 iacentia
506 902 541 966 in
566 901 691 986 Ripon'
715 901 750 966 in
774 901 915 966 diuersis
938 902 1030 977 locis,
1055 923 1202 986 quorum
1225 923 1333 966 vnum
1355 902 1444 966 iacet

333 1006 369 1070 in
388 1006 419 1070 le
439 1002 627 1089 Horsiayre
646 1006 736 1070 inter
754 1007 967 1091 mesuagium
986 1006 1167 1070 Elizabeth
1186 1007 1228 1070 de
1248 1007 1382 1089 Snayth
1402 1027 1444 1070 ex

333 1117 432 1195 parte
450 1132 519 1175 vna
536 1117 571 1174 et
588 1111 802 1194 mesuagium
819 1111 929 1192 Joh’is
948 1095 1133 1193 Pakhardy
1150 1131 1192 1174 ex
1209 1117 1307 1194 parte
1324 1111 1442 1185 altera,

334 1222 368 1279 et
397 1215 491 1279 aliud
519 1235 601 1279 mes
631 1215 720 1278 iacet
748 1215 783 1278 in
814 1215 1012 1299 Kyrkegate
1041 1215 1130 1279 inter
1156 1235 1238 1279 mes
1267 1214 1444 1299 quondam

334 1319 445 1401 Joh'is
472 1319 642 1383 Frankish
669 1339 711 1382 ex
738 1325 836 1403 parte
864 1340 933 1382 vna
960 1325 995 1382 et
1021 1339 1102 1382 mes.
1131 1319 1307 1402 quondam
1334 1319 1444 1401 Joh’is

335 1423 465 1507 Gylyot
487 1444 529 1487 ex
551 1430 649 1507 parte
670 1423 790 1497 altera,
813 1422 949 1487 tenend.
973 1429 1008 1487 et
1030 1424 1176 1487 habend.
1200 1423 1354 1507 predicta
1375 1423 1444 1487 duo

334 1528 510 1612 mesuagia
530 1548 609 1592 cum
630 1528 700 1591 suis
721 1527 844 1610 pertin.
868 1526 1023 1611 predicto
1043 1525 1118 1591 Ade
1139 1534 1173 1591 et
1194 1528 1443 1592 successoribus

335 1632 404 1696 suis
423 1631 615 1715 Capellanis
633 1632 786 1695 cantarie
804 1630 950 1715 predicti
968 1631 1087 1694 altaris
1105 1631 1223 1695 diuina
1240 1632 1444 1696 celebraturi

335 1736 476 1821 singulis
496 1736 617 1799 diebus
636 1734 765 1821 ibidem
785 1735 820 1799 in
840 1736 1160 1819 augmentacionem
1180 1737 1444 1801 sustentacionis

335 1861 405 1915 sue,
428 1840 544 1915 libere,
567 1840 694 1924 quiete,
717 1840 858 1924 integre,
882 1841 979 1913 bene,
1003 1846 1037 1903 et
1059 1840 1093 1902 in
1116 1861 1200 1922 pace
1221 1847 1255 1904 et
1277 1842 1444 1925 imperpe-

336 1951 447 2018 tuum,
468 1943 510 2007 de
529 1944 735 2027 capitalibus
754 1943 843 2007 d'nis
862 1943 950 2007 leod.
969 1944 1115 2018 illorum,
1132 1965 1193 2027 per
1208 1946 1350 2009 seruicia
1365 1945 1444 2010 inde

336 2049 454 2113 debita
473 2055 507 2112 et
527 2048 569 2112 de
588 2049 660 2112 iure
679 2054 852 2111 consueta.
903 2048 958 2111 lta
976 2068 1111 2131 semper
1128 2049 1222 2133 quod
1242 2049 1444 2132 Capelianus

337 2153 489 2217 cantarie
525 2152 677 2236 predicte
714 2152 773 2235 qui
810 2172 872 2235 pro
909 2158 1063 2234 tempore
1100 2153 1213 2228 fuerit,
1252 2155 1443 2230 matutinis

337 2258 497 2341 vesperis,
524 2263 559 2320 et
584 2256 661 2339 alijs
685 2256 777 2320 horis
801 2256 973 2320 canonicis
997 2257 1033 2320 in
1058 2257 1168 2321 Choro
1193 2257 1283 2322 dicte
1308 2259 1445 2322 ecclesie

338 2362 499 2426 continue
513 2361 658 2424 intersit.
706 2361 753 2424 Et
768 2381 829 2445 ego
842 2381 925 2424 vero
939 2361 1113 2443 predictus
1128 2361 1243 2426 Dauid
1257 2369 1291 2426 et
1306 2362 1445 2427 heredes

338 2467 403 2530 mei
424 2465 580 2549 predicta
600 2463 669 2528 duo
689 2465 863 2548 mesuagia
883 2485 962 2528 cum
982 2466 1052 2528 suis
1071 2467 1194 2549 pertin.
1217 2467 1351 2550 prefato
1371 2467 1445 2531 Ade

339 2577 373 2634 et
386 2567 637 2634 successoribus
650 2568 721 2633 suis
735 2568 925 2652 Capellanis
939 2569 1058 2633 diuina
1072 2570 1292 2635 celebraturis
1305 2572 1446 2657 singulis

339 2674 458 2738 diebus
490 2673 535 2738 ad
567 2673 674 2737 altare
706 2672 899 2757 predictum
931 2673 965 2736 in
999 2674 1109 2738 ionna
1140 2675 1294 2758 predicta
1325 2685 1446 2742 contra

339 2799 455 2843 omnes
476 2784 595 2864 gentes
617 2777 918 2842 warantizabimus
940 2778 1205 2862 imperpetuum.
1254 2781 1294 2846 ln
1316 2803 1344 2847 c.
1368 2803 1393 2848 r,
1418 2790 1442 2848 t.

338 2884 369 2948 h.
387 2905 419 2968 p.
437 2905 466 2948 c.
484 2884 544 2968 sig.
562 2903 608 2947 m.
627 2883 781 2966 apposui.
830 2883 874 2946 H.
893 2889 918 2946 t.
938 2883 1072 2968 Rogero
1087 2884 1129 2948 de
1146 2885 1290 2969 Hewyk,
1308 2888 1445 2953 Simone

338 2988 491 3063 Warede‚
508 2972 692 3051 Cristofero
706 2987 880 3070 Mayllore‚
896 2987 1073 3063 militibus,
1089 2989 1190 3071 Joh'e
1203 2990 1246 3054 de
1260 2992 1443 3070 Schirwod,

340 3092 467 3157 Rob’to
480 3092 522 3156 de
537 3093 752 3166 Brounhous‚
768 3091 868 3174 Joh’e
881 3092 924 3156 de
937 3092 1104 3177 Topclyfl,
1119 3094 1220 3176 Joh'e
1233 3095 1275 3159 de
1288 3097 1443 3175 Tanleld,

339 3204 372 3261 et
407 3197 526 3261 multis
562 3197 648 3280 alijs
697 3197 777 3260 Dat.
816 3196 910 3279 apud
947 3197 1073 3281 Rypon
1109 3200 1194 3263 xxix
1228 3197 1283 3264 die
1320 3204 1444 3267 mensis

340 3300 453 3384 Marcij
478 3301 579 3365 Anno
602 3301 694 3385 regni
714 3301 800 3385 regis
825 3300 985 3365 Edwardi
1003 3303 1098 3366 tercii
1115 3310 1193 3387 post
1210 3304 1444 3390 Conquestum

339 3406 436 3489 xliij0.

342 3598 427 3679 (254)
467 3596 648 3678 (Monition
694 3603 732 3659 to
771 3596 955 3680 Chaplains
994 3620 1031 3662 as
1076 3606 1113 3663 to
1158 3602 1365 3669 attendance
1409 3605 1444 3672 in

380 3701 616 3786 processions).

425 3858 467 3921 In
493 3857 557 3920 Dei
582 3856 730 3931 nomine,
757 3856 878 3921 Amen.
927 3857 1008 3933 Nos,
1036 3859 1149 3924 Adam
1175 3861 1217 3926 de
1244 3864 1442 3943 Fenrother,

339 3961 528 4025 Canonicus
571 3960 827 4025 residenciarius
868 3961 948 4025 eccl.
992 3963 1066 4027 coll.
1112 3965 1248 4048 Ripon’,
1292 3970 1366 4033 vice
1407 3978 1442 4036 et

339 4066 546 4130 auctoritate
571 4064 730 4148 Capituli,
757 4086 936 4130 monemus
961 4073 996 4129 te
1021 4067 1158 4149 Joh'em
1183 4069 1303 4149 Greve,
1332 4074 1443 4140 Ric’m

338 4169 509 4244 Tankard,
521 4168 755 4233 Alexandrum
769 4170 956 4245 Haklorth,
972 4170 1082 4234 Nich'n
1098 4173 1290 4257 Mydylton,
1306 4177 1443 4259 Joh'em

338 4273 494 4357 Caldray,
514 4273 642 4336 Will'm
662 4274 833 4348 Marshall,
854 4274 991 4356 Joh'em
1011 4275 1157 4353 Forster,
1179 4279 1290 4344 Ric'm
1310 4282 1443 4360 Felton,

338 4377 474 4459 Joh’em
497 4378 683 4459 Westwyk,
710 4377 847 4459 Joh'em
866 4379 908 4442 de
933 4379 1085 4456 Skelton,
1108 4382 1234 4448 Will'm
1259 4385 1388 4462 Lelum,
1409 4394 1444 4452 et

339 4480 449 4546 Ric’m
484 4480 674 4554 Wakefeld,
710 4481 913 4565 Capellanos
950 4482 983 4547 in
1020 4486 1218 4569 supradicta
1253 4489 1332 4554 eccl,
1371 4492 1445 4556 n'ra

339 4584 462 4669 Ripon'
485 4585 605 4648 diuina
625 4585 847 4661 celebrantes
869 4585 1036 4670 quatinus
1059 4588 1093 4654 in
1115 4592 1387 4674 processionibus
1408 4603 1444 4659 et

339 4688 373 4753 in
388 4710 513 4774 magna
527 4689 632 4752 missa
645 4694 681 4752 et
697 4689 731 4755 in
746 4689 869 4754 diebus
886 4688 1074 4755 Dominicis
1089 4701 1124 4756 et
1141 4694 1236 4759 lestis
1250 4696 1445 4781 duplicibus
1496 4721 1498 4726 ·

339 4791 373 4857 in
387 4794 481 4857 dicta
495 4793 575 4857 eocl.
592 4797 712 4858 nostra
727 4792 891 4859 iaciendis
907 4791 941 4857 in
957 4791 1081 4864 habitu
1096 4798 1284 4866 sucurrdum
1297 4801 1444 4887 gradum
