<?xml version="1.0" encoding="UTF-8"?>
<!DOCTYPE html PUBLIC "-//W3C//DTD XHTML 1.0 Transitional//EN"
    "http://www.w3.org/TR/xhtml1/DTD/xhtml1-transitional.dtd">
<html xmlns="http://www.w3.org/1999/xhtml" xml:lang="en" lang="en">
 <head>
  <title>
</title>
<meta http-equiv="Content-Type" content="text/html;charset=utf-8" />
  <meta name='ocr-system' content='tesseract 3.04.00' />
  <meta name='ocr-capabilities' content='ocr_page ocr_carea ocr_par ocr_line ocrx_word'/>
</head>
<body>
  <div class='ocr_page' id='page_1' title='image "./memorialschurch00fowlgoog_0241.png"; bbox 0 0 3950 5625; ppageno 0'>
   <div class='ocr_carea' id='block_1_1' title="bbox 776 722 1514 804">
    <p class='ocr_par' dir='ltr' id='par_1_1' title="bbox 776 722 1514 804">
     <span class='ocr_line' id='line_1_1' title="bbox 776 722 1514 804; baseline 0.003 -18"><span class='ocrx_word' id='word_1_1' title='bbox 776 722 870 786; x_wconf 86' lang='lat' dir='ltr'>Acrs</span> <span class='ocrx_word' id='word_1_2' title='bbox 894 739 939 786; x_wconf 82' lang='lat' dir='ltr'>or</span> <span class='ocrx_word' id='word_1_3' title='bbox 963 722 1142 788; x_wconf 69' lang='lat' dir='ltr'>Cumara.</span> <span class='ocrx_word' id='word_1_4' title='bbox 1451 739 1514 804; x_wconf 83' lang='lat'>205</span> 
     </span>
    </p>
   </div>
   <div class='ocr_carea' id='block_1_2' title="bbox 405 901 1515 1279">
    <p class='ocr_par' dir='ltr' id='par_1_2' title="bbox 405 901 1515 1279">
     <span class='ocr_line' id='line_1_2' title="bbox 406 901 1514 987; baseline 0 -22"><span class='ocrx_word' id='word_1_5' title='bbox 406 901 628 986; x_wconf 70' lang='lat' dir='ltr'>pertinenciis</span> <span class='ocrx_word' id='word_1_6' title='bbox 646 901 823 966; x_wconf 82' lang='lat' dir='ltr'>uniuersis.</span> <span class='ocrx_word' id='word_1_7' title='bbox 872 902 913 965; x_wconf 92' lang='lat' dir='ltr'>In</span> <span class='ocrx_word' id='word_1_8' title='bbox 932 901 1028 966; x_wconf 89' lang='lat' dir='ltr'>cuius</span> <span class='ocrx_word' id='word_1_9' title='bbox 1047 901 1094 965; x_wconf 91' lang='lat' dir='ltr'>rei</span> <span class='ocrx_word' id='word_1_10' title='bbox 1113 902 1349 966; x_wconf 91' lang='lat' dir='ltr'>testimonium</span> <span class='ocrx_word' id='word_1_11' title='bbox 1368 902 1514 987; x_wconf 86' lang='lat' dir='ltr'>sigillum</span> 
     </span>
     <span class='ocr_line' id='line_1_3' title="bbox 406 1006 1515 1089; baseline 0 -19"><span class='ocrx_word' id='word_1_12' title='bbox 406 1011 563 1070; x_wconf 89' lang='lat' dir='ltr'>nostrum</span> <span class='ocrx_word' id='word_1_13' title='bbox 580 1006 795 1089; x_wconf 79' lang='lat' dir='ltr'>presentibus</span> <span class='ocrx_word' id='word_1_14' title='bbox 811 1010 863 1068; x_wconf 93' lang='lat' dir='ltr'>est</span> <span class='ocrx_word' id='word_1_15' title='bbox 880 1026 1081 1089; x_wconf 90' lang='lat' dir='ltr'>appensum.</span> <span class='ocrx_word' id='word_1_16' title='bbox 1129 1006 1209 1069; x_wconf 93' lang='lat' dir='ltr'>Dat.</span> <span class='ocrx_word' id='word_1_17' title='bbox 1228 1006 1263 1068; x_wconf 91' lang='lat' dir='ltr'>in</span> <span class='ocrx_word' id='word_1_18' title='bbox 1279 1006 1382 1070; x_wconf 93' lang='lat' dir='ltr'>domo</span> <span class='ocrx_word' id='word_1_19' title='bbox 1398 1013 1515 1070; x_wconf 88' lang='lat' dir='ltr'>nostra</span> 
     </span>
     <span class='ocr_line' id='line_1_4' title="bbox 407 1109 1515 1194; baseline 0 -20"><span class='ocrx_word' id='word_1_20' title='bbox 407 1109 606 1194; x_wconf 85' lang='lat' dir='ltr'>Capitulari,</span> <span class='ocrx_word' id='word_1_21' title='bbox 626 1110 731 1174; x_wconf 89' lang='lat' dir='ltr'>tercio</span> <span class='ocrx_word' id='word_1_22' title='bbox 749 1110 803 1174; x_wconf 93' lang='lat' dir='ltr'>die</span> <span class='ocrx_word' id='word_1_23' title='bbox 822 1110 947 1173; x_wconf 83' lang='lat' dir='ltr'>mensis</span> <span class='ocrx_word' id='word_1_24' title='bbox 965 1109 1121 1193; x_wconf 82' lang='lat' dir='ltr'>Januarij</span> <span class='ocrx_word' id='word_1_25' title='bbox 1142 1109 1243 1173; x_wconf 90' lang='lat' dir='ltr'>Anno</span> <span class='ocrx_word' id='word_1_26' title='bbox 1262 1110 1342 1173; x_wconf 86' lang='lat' dir='ltr'>D&#39;ni</span> <span class='ocrx_word' id='word_1_27' title='bbox 1362 1110 1515 1174; x_wconf 89' lang='lat' dir='ltr'>Mill&#39;imo</span> 
     </span>
     <span class='ocr_line' id='line_1_5' title="bbox 405 1214 888 1279; baseline 0 -1"><span class='ocrx_word' id='word_1_28' title='bbox 405 1224 520 1278; x_wconf 76' lang='lat' dir='ltr'>cccc⁰¹⁰</span> <span class='ocrx_word' id='word_1_29' title='bbox 539 1214 710 1279; x_wconf 87' lang='lat' dir='ltr'>tricesimo</span> <span class='ocrx_word' id='word_1_30' title='bbox 728 1214 888 1278; x_wconf 88' lang='lat' dir='ltr'>seeundo.</span> 
     </span>
    </p>
   </div>
   <div class='ocr_carea' id='block_1_3' title="bbox 408 1404 1514 1573">
    <p class='ocr_par' dir='ltr' id='par_1_3' title="bbox 408 1404 1514 1573">
     <span class='ocr_line' id='line_1_6' title="bbox 408 1404 1514 1489; baseline -0.001 -20"><span class='ocrx_word' id='word_1_31' title='bbox 408 1406 495 1489; x_wconf 81' lang='lat'>(292)</span> <span class='ocrx_word' id='word_1_32' title='bbox 518 1404 840 1470; x_wconf 84' lang='lat' dir='ltr'>Anurss1oN1crr&#39;1</span> <span class='ocrx_word' id='word_1_33' title='bbox 862 1405 1011 1481; x_wconf 78' lang='lat' dir='ltr'>Hutnr,</span> <span class='ocrx_word' id='word_1_34' title='bbox 1034 1405 1263 1480; x_wconf 79' lang='lat' dir='ltr'>Pnasmrrm,</span> <span class='ocrx_word' id='word_1_35' title='bbox 1286 1422 1334 1469; x_wconf 79' lang='lat' dir='ltr'>Ao</span> <span class='ocrx_word' id='word_1_36' title='bbox 1356 1422 1514 1468; x_wconf 75' lang='lat' dir='ltr'>ranaru-</span> 
     </span>
     <span class='ocr_line' id='line_1_7' title="bbox 450 1509 816 1573; baseline 0 -1"><span class='ocrx_word' id='word_1_37' title='bbox 450 1527 527 1573; x_wconf 70' lang='grc' dir='ltr'>ΒΑΜ</span> <span class='ocrx_word' id='word_1_38' title='bbox 553 1527 600 1573; x_wconf 78' lang='lat' dir='ltr'>nn</span> <span class='ocrx_word' id='word_1_39' title='bbox 625 1509 816 1573; x_wconf 75' lang='lat' dir='ltr'>Serranow.</span> 
     </span>
    </p>
   </div>
   <div class='ocr_carea' id='block_1_4' title="bbox 300 1663 1698 2562">
    <p class='ocr_par' dir='ltr' id='par_1_4' title="bbox 492 1663 1666 1748">
     <span class='ocr_line' id='line_1_8' title="bbox 492 1663 1666 1748; baseline -0.003 -20"><span class='ocrx_word' id='word_1_40' title='bbox 492 1663 666 1728; x_wconf 90' lang='lat' dir='ltr'>Vniuersis</span> <span class='ocrx_word' id='word_1_41' title='bbox 690 1663 722 1729; x_wconf 86' lang='lat' dir='ltr'>S.</span> <span class='ocrx_word' id='word_1_42' title='bbox 748 1665 792 1728; x_wconf 90' lang='lat' dir='ltr'>M.</span> <span class='ocrx_word' id='word_1_43' title='bbox 811 1665 850 1728; x_wconf 84' lang='lat' dir='ltr'>E.</span> <span class='ocrx_word' id='word_1_44' title='bbox 869 1663 948 1747; x_wconf 87' lang='lat' dir='ltr'>filijs</span> <span class='ocrx_word' id='word_1_45' title='bbox 970 1670 1145 1747; x_wconf 81' lang='lat' dir='ltr'>presentes</span> <span class='ocrx_word' id='word_1_46' title='bbox 1167 1663 1282 1728; x_wconf 81' lang='lat' dir='ltr'>literas</span> <span class='ocrx_word' id='word_1_47' title='bbox 1299 1664 1511 1748; x_wconf 89' lang='lat' dir='ltr'>inspecturis,</span> <span class='ocrx_word' id='word_1_48' title='bbox 1591 1691 1666 1739; x_wconf 81' lang='lat'>1433,</span> 
     </span>
    </p>

    <p class='ocr_par' dir='ltr' id='par_1_5' title="bbox 300 1745 1690 2061">
     <span class='ocr_line' id='line_1_9' title="bbox 300 1745 1690 1852; baseline 0.001 -20"><span class='ocrx_word' id='word_1_49' title='bbox 300 1814 303 1819; x_wconf 83' lang='lat'><strong>·</strong></span> <span class='ocrx_word' id='word_1_50' title='bbox 405 1767 602 1852; x_wconf 86' lang='lat' dir='ltr'>Capitulum</span> <span class='ocrx_word' id='word_1_51' title='bbox 629 1768 708 1832; x_wconf 90' lang='lat' dir='ltr'>eccl.</span> <span class='ocrx_word' id='word_1_52' title='bbox 737 1767 818 1833; x_wconf 89' lang='lat' dir='ltr'>Coll.</span> <span class='ocrx_word' id='word_1_53' title='bbox 847 1769 914 1833; x_wconf 85' lang='lat' dir='ltr'>S&#39;ci</span> <span class='ocrx_word' id='word_1_54' title='bbox 940 1768 1100 1849; x_wconf 82' lang='lat' dir='ltr'>Wyliridi</span> <span class='ocrx_word' id='word_1_55' title='bbox 1128 1769 1277 1852; x_wconf 87' lang='lat' dir='ltr'>Rypon&#39;,</span> <span class='ocrx_word' id='word_1_56' title='bbox 1305 1768 1451 1833; x_wconf 89' lang='lat' dir='ltr'>salutem</span> <span class='ocrx_word' id='word_1_57' title='bbox 1478 1771 1511 1834; x_wconf 91' lang='lat' dir='ltr'>in</span> <span class='ocrx_word' id='word_1_58' title='bbox 1557 1745 1632 1808; x_wconf 53' lang='lat' dir='ltr'><strong>sept·</strong></span> <span class='ocrx_word' id='word_1_59' title='bbox 1650 1758 1690 1806; x_wconf 80' lang='lat'>²⁵·</span> 
     </span>
     <span class='ocr_line' id='line_1_10' title="bbox 406 1871 1512 1956; baseline 0.001 -20"><span class='ocrx_word' id='word_1_60' title='bbox 406 1872 495 1936; x_wconf 85' lang='lat' dir='ltr'>D&#39;no</span> <span class='ocrx_word' id='word_1_61' title='bbox 541 1872 796 1955; x_wconf 88' lang='lat' dir='ltr'>sempiternam,</span> <span class='ocrx_word' id='word_1_62' title='bbox 844 1877 878 1935; x_wconf 95' lang='lat' dir='ltr'>et</span> <span class='ocrx_word' id='word_1_63' title='bbox 924 1871 1027 1936; x_wconf 92' lang='lat' dir='ltr'>fidem</span> <span class='ocrx_word' id='word_1_64' title='bbox 1073 1873 1252 1937; x_wconf 85' lang='lat' dir='ltr'>indubiam</span> <span class='ocrx_word' id='word_1_65' title='bbox 1298 1874 1512 1956; x_wconf 87' lang='lat' dir='ltr'>presentibus</span> 
     </span>
     <span class='ocr_line' id='line_1_11' title="bbox 405 1976 1510 2061; baseline 0.001 -20"><span class='ocrx_word' id='word_1_66' title='bbox 405 1977 576 2042; x_wconf 89' lang='lat' dir='ltr'>adhibere.</span> <span class='ocrx_word' id='word_1_67' title='bbox 625 1976 756 2041; x_wconf 90' lang='lat' dir='ltr'>Literas</span> <span class='ocrx_word' id='word_1_68' title='bbox 779 1977 971 2041; x_wconf 91' lang='lat' dir='ltr'>Reuerendi</span> <span class='ocrx_word' id='word_1_69' title='bbox 989 1977 1058 2040; x_wconf 89' lang='lat' dir='ltr'>.viri</span> <span class='ocrx_word' id='word_1_70' title='bbox 1080 1977 1200 2061; x_wconf 86' lang='lat' dir='ltr'>Mag&#39;ri</span> <span class='ocrx_word' id='word_1_71' title='bbox 1222 1977 1360 2041; x_wconf 90' lang='lat' dir='ltr'>Ricardi</span> <span class='ocrx_word' id='word_1_72' title='bbox 1382 1978 1510 2054; x_wconf 90' lang='lat' dir='ltr'>Amall,</span> 
     </span>
    </p>

    <p class='ocr_par' dir='ltr' id='par_1_6' title="bbox 405 2080 1512 2166">
     <span class='ocr_line' id='line_1_12' title="bbox 405 2080 1512 2166; baseline 0.002 -22"><span class='ocrx_word' id='word_1_73' title='bbox 405 2080 483 2146; x_wconf 89' lang='lat' dir='ltr'>eccl.</span> <span class='ocrx_word' id='word_1_74' title='bbox 522 2081 621 2145; x_wconf 87' lang='lat' dir='ltr'>Cath.</span> <span class='ocrx_word' id='word_1_75' title='bbox 660 2081 763 2145; x_wconf 87' lang='lat' dir='ltr'>Ebor.</span> <span class='ocrx_word' id='word_1_76' title='bbox 801 2081 998 2156; x_wconf 87' lang='lat' dir='ltr'>subdecani,</span> <span class='ocrx_word' id='word_1_77' title='bbox 1048 2081 1334 2145; x_wconf 90' lang='lat' dir='ltr'>Reuerendissimi</span> <span class='ocrx_word' id='word_1_78' title='bbox 1372 2082 1407 2145; x_wconf 91' lang='lat' dir='ltr'>in</span> <span class='ocrx_word' id='word_1_79' title='bbox 1443 2103 1512 2166; x_wconf 90' lang='lat' dir='ltr'>xpo</span> 
     </span>
    </p>

    <p class='ocr_par' dir='ltr' id='par_1_7' title="bbox 405 2184 1698 2478">
     <span class='ocr_line' id='line_1_13' title="bbox 405 2184 1698 2270; baseline 0.005 -21"><span class='ocrx_word' id='word_1_80' title='bbox 405 2185 512 2268; x_wconf 91' lang='lat' dir='ltr'>patris</span> <span class='ocrx_word' id='word_1_81' title='bbox 523 2190 558 2248; x_wconf 95' lang='lat' dir='ltr'>et</span> <span class='ocrx_word' id='word_1_82' title='bbox 569 2184 652 2260; x_wconf 87' lang='lat' dir='ltr'>d’ni,</span> <span class='ocrx_word' id='word_1_83' title='bbox 665 2184 736 2248; x_wconf 89' lang='lat' dir='ltr'>d&#39;ni</span> <span class='ocrx_word' id='word_1_84' title='bbox 748 2184 927 2268; x_wconf 89' lang='lat' dir='ltr'>Johannis,</span> <span class='ocrx_word' id='word_1_85' title='bbox 940 2185 1004 2247; x_wconf 90' lang='lat' dir='ltr'>Dei</span> <span class='ocrx_word' id='word_1_86' title='bbox 1015 2185 1129 2268; x_wconf 86' lang='lat' dir='ltr'>gracia</span> <span class='ocrx_word' id='word_1_87' title='bbox 1140 2185 1242 2249; x_wconf 86' lang='lat' dir='ltr'>Ebor.</span> <span class='ocrx_word' id='word_1_88' title='bbox 1256 2185 1510 2270; x_wconf 90' lang='lat' dir='ltr'>archiepiscopi,</span> <span class='ocrx_word' id='word_1_89' title='bbox 1527 2193 1597 2255; x_wconf 65' lang='lat' dir='ltr'>Abp.</span> <span class='ocrx_word' id='word_1_90' title='bbox 1610 2193 1698 2257; x_wconf 74' lang='lat' dir='ltr'>Kemp</span> 
     </span>
     <span class='ocr_line' id='line_1_14' title="bbox 405 2288 1511 2374; baseline 0.002 -22"><span class='ocrx_word' id='word_1_91' title='bbox 405 2289 525 2374; x_wconf 85' lang='lat' dir='ltr'>Anglie</span> <span class='ocrx_word' id='word_1_92' title='bbox 556 2288 728 2364; x_wconf 87' lang='lat' dir='ltr'>Primatis,</span> <span class='ocrx_word' id='word_1_93' title='bbox 760 2295 795 2352; x_wconf 91' lang='lat' dir='ltr'>et</span> <span class='ocrx_word' id='word_1_94' title='bbox 825 2288 1022 2371; x_wconf 88' lang='lat' dir='ltr'>Apostolice</span> <span class='ocrx_word' id='word_1_95' title='bbox 1052 2289 1150 2364; x_wconf 92' lang='lat' dir='ltr'>sedis,</span> <span class='ocrx_word' id='word_1_96' title='bbox 1182 2288 1296 2373; x_wconf 84' lang='lat' dir='ltr'>legati,</span> <span class='ocrx_word' id='word_1_97' title='bbox 1328 2289 1446 2353; x_wconf 90' lang='lat' dir='ltr'>vicarii</span> <span class='ocrx_word' id='word_1_98' title='bbox 1477 2291 1511 2354; x_wconf 92' lang='lat' dir='ltr'>in</span> 
     </span>
     <span class='ocr_line' id='line_1_15' title="bbox 405 2392 1511 2478; baseline 0.003 -22"><span class='ocrx_word' id='word_1_99' title='bbox 405 2392 640 2478; x_wconf 87' lang='lat' dir='ltr'>spiritualibus</span> <span class='ocrx_word' id='word_1_100' title='bbox 662 2392 827 2476; x_wconf 86' lang='lat' dir='ltr'>generalis</span> <span class='ocrx_word' id='word_1_101' title='bbox 851 2393 949 2457; x_wconf 89' lang='lat' dir='ltr'>nobis</span> <span class='ocrx_word' id='word_1_102' title='bbox 972 2413 1082 2476; x_wconf 91' lang='lat' dir='ltr'>nuper</span> <span class='ocrx_word' id='word_1_103' title='bbox 1103 2393 1250 2457; x_wconf 89' lang='lat' dir='ltr'>directas</span> <span class='ocrx_word' id='word_1_104' title='bbox 1273 2393 1453 2478; x_wconf 85' lang='lat' dir='ltr'>recipimus</span> <span class='ocrx_word' id='word_1_105' title='bbox 1476 2395 1511 2459; x_wconf 92' lang='lat' dir='ltr'>in</span> 
     </span>
    </p>

    <p class='ocr_par' dir='ltr' id='par_1_8' title="bbox 405 2497 600 2562">
     <span class='ocr_line' id='line_1_16' title="bbox 405 2497 600 2562; baseline -0.01 0"><span class='ocrx_word' id='word_1_106' title='bbox 405 2498 466 2562; x_wconf 89' lang='lat' dir='ltr'>hec</span> <span class='ocrx_word' id='word_1_107' title='bbox 484 2497 600 2561; x_wconf 90' lang='lat' dir='ltr'>verba.</span> 
     </span>
    </p>
   </div>
   <div class='ocr_carea' id='block_1_5' title="bbox 404 2664 1685 2854">
    <p class='ocr_par' dir='ltr' id='par_1_9' title="bbox 404 2664 1685 2854">
     <span class='ocr_line' id='line_1_17' title="bbox 493 2664 1665 2748; baseline 0.003 -21"><span class='ocrx_word' id='word_1_108' title='bbox 493 2665 610 2729; x_wconf 91' lang='lat' dir='ltr'>Ric’us</span> <span class='ocrx_word' id='word_1_109' title='bbox 636 2665 765 2739; x_wconf 89' lang='lat' dir='ltr'>Amall,</span> <span class='ocrx_word' id='word_1_110' title='bbox 792 2665 872 2729; x_wconf 89' lang='lat' dir='ltr'>eccl.</span> <span class='ocrx_word' id='word_1_111' title='bbox 897 2664 995 2728; x_wconf 85' lang='lat' dir='ltr'>Cath.</span> <span class='ocrx_word' id='word_1_112' title='bbox 1021 2665 1124 2729; x_wconf 89' lang='lat' dir='ltr'>Ebor.</span> <span class='ocrx_word' id='word_1_113' title='bbox 1146 2664 1378 2737; x_wconf 82' lang='lat' dir='ltr'>Subdeeanus</span> <span class='ocrx_word' id='word_1_114' title='bbox 1403 2666 1511 2731; x_wconf 75' lang='lat' dir='ltr'>Reumi</span> <span class='ocrx_word' id='word_1_115' title='bbox 1590 2698 1665 2748; x_wconf 81' lang='lat'>1433,</span> 
     </span>
     <span class='ocr_line' id='line_1_18' title="bbox 404 2753 1685 2854; baseline 0.001 -21"><span class='ocrx_word' id='word_1_116' title='bbox 404 2769 439 2833; x_wconf 89' lang='lat' dir='ltr'>in</span> <span class='ocrx_word' id='word_1_117' title='bbox 455 2790 524 2854; x_wconf 87' lang='lat' dir='ltr'>xpo</span> <span class='ocrx_word' id='word_1_118' title='bbox 540 2769 649 2854; x_wconf 90' lang='lat' dir='ltr'>patris</span> <span class='ocrx_word' id='word_1_119' title='bbox 664 2776 699 2834; x_wconf 92' lang='lat' dir='ltr'>et</span> <span class='ocrx_word' id='word_1_120' title='bbox 715 2769 797 2845; x_wconf 92' lang='lat' dir='ltr'>d&#39;ni‚</span> <span class='ocrx_word' id='word_1_121' title='bbox 815 2769 886 2834; x_wconf 91' lang='lat' dir='ltr'>d’ni</span> <span class='ocrx_word' id='word_1_122' title='bbox 903 2769 1072 2852; x_wconf 92' lang='lat' dir='ltr'>Johannis</span> <span class='ocrx_word' id='word_1_123' title='bbox 1090 2770 1169 2853; x_wconf 72' lang='lat' dir='ltr'>(eto,</span> <span class='ocrx_word' id='word_1_124' title='bbox 1187 2790 1224 2834; x_wconf 84' lang='lat' dir='ltr'>as</span> <span class='ocrx_word' id='word_1_125' title='bbox 1240 2769 1346 2854; x_wconf 83' lang='lat' dir='ltr'>above)</span> <span class='ocrx_word' id='word_1_126' title='bbox 1365 2771 1512 2837; x_wconf 89' lang='lat' dir='ltr'>vicarius</span> <span class='ocrx_word' id='word_1_127' title='bbox 1569 2753 1644 2817; x_wconf 45' lang='lat' dir='ltr'>&amp;Pb</span> <span class='ocrx_word' id='word_1_128' title='bbox 1659 2767 1685 2815; x_wconf 85' lang='lat'>9·</span> 
     </span>
    </p>
   </div>
   <div class='ocr_carea' id='block_1_6' title="bbox 403 2874 1697 4727">
    <p class='ocr_par' dir='ltr' id='par_1_10' title="bbox 403 2874 1697 4727">
     <span class='ocr_line' id='line_1_19' title="bbox 405 2874 1513 2960; baseline 0.005 -23"><span class='ocrx_word' id='word_1_129' title='bbox 405 2875 439 2937; x_wconf 94' lang='lat' dir='ltr'>in</span> <span class='ocrx_word' id='word_1_130' title='bbox 462 2874 700 2958; x_wconf 87' lang='lat' dir='ltr'>spiritualibus</span> <span class='ocrx_word' id='word_1_131' title='bbox 723 2874 898 2959; x_wconf 69' lang='lat' dir='ltr'>generalis</span> <span class='ocrx_word' id='word_1_132' title='bbox 924 2874 1056 2938; x_wconf 90' lang='lat' dir='ltr'>dilectis</span> <span class='ocrx_word' id='word_1_133' title='bbox 1080 2875 1179 2938; x_wconf 90' lang='lat' dir='ltr'>nobis</span> <span class='ocrx_word' id='word_1_134' title='bbox 1202 2875 1237 2938; x_wconf 94' lang='lat' dir='ltr'>in</span> <span class='ocrx_word' id='word_1_135' title='bbox 1261 2896 1330 2959; x_wconf 89' lang='lat' dir='ltr'>xpo</span> <span class='ocrx_word' id='word_1_136' title='bbox 1354 2876 1513 2960; x_wconf 88' lang='lat' dir='ltr'>Capitulo</span> 
     </span>
     <span class='ocr_line' id='line_1_20' title="bbox 405 2978 1513 3062; baseline 0.003 -20"><span class='ocrx_word' id='word_1_137' title='bbox 405 2978 483 3043; x_wconf 87' lang='lat' dir='ltr'>eccl.</span> <span class='ocrx_word' id='word_1_138' title='bbox 518 2978 601 3043; x_wconf 89' lang='lat' dir='ltr'>Coll.</span> <span class='ocrx_word' id='word_1_139' title='bbox 635 2979 728 3043; x_wconf 91' lang='lat' dir='ltr'>beati</span> <span class='ocrx_word' id='word_1_140' title='bbox 763 2978 921 3062; x_wconf 88' lang='lat' dir='ltr'>Wylfridi</span> <span class='ocrx_word' id='word_1_141' title='bbox 955 2978 1093 3062; x_wconf 89' lang='lat' dir='ltr'>Ripon&#39;,</span> <span class='ocrx_word' id='word_1_142' title='bbox 1127 2979 1273 3043; x_wconf 88' lang='lat' dir='ltr'>salutem</span> <span class='ocrx_word' id='word_1_143' title='bbox 1306 2980 1341 3043; x_wconf 91' lang='lat' dir='ltr'>in</span> <span class='ocrx_word' id='word_1_144' title='bbox 1374 2988 1513 3050; x_wconf 87' lang='lat' dir='ltr'>auctore</span> 
     </span>
     <span class='ocr_line' id='line_1_21' title="bbox 405 3082 1512 3167; baseline 0.004 -22"><span class='ocrx_word' id='word_1_145' title='bbox 405 3083 534 3147; x_wconf 78' lang='lat' dir='ltr'>salutis</span> <span class='ocrx_word' id='word_1_146' title='bbox 584 3082 672 3167; x_wconf 79' lang='lat' dir='ltr'>Quia</span> <span class='ocrx_word' id='word_1_147' title='bbox 705 3082 910 3147; x_wconf 86' lang='lat' dir='ltr'>venerabilis</span> <span class='ocrx_word' id='word_1_148' title='bbox 943 3083 978 3146; x_wconf 90' lang='lat' dir='ltr'>in</span> <span class='ocrx_word' id='word_1_149' title='bbox 1013 3104 1081 3167; x_wconf 89' lang='lat' dir='ltr'>xpo</span> <span class='ocrx_word' id='word_1_150' title='bbox 1115 3090 1214 3166; x_wconf 90' lang='lat' dir='ltr'>pater</span> <span class='ocrx_word' id='word_1_151' title='bbox 1246 3089 1281 3146; x_wconf 95' lang='lat' dir='ltr'>et</span> <span class='ocrx_word' id='word_1_152' title='bbox 1314 3085 1401 3160; x_wconf 77' lang='lat' dir='ltr'>d&#39;nS,</span> <span class='ocrx_word' id='word_1_153' title='bbox 1436 3086 1512 3149; x_wconf 90' lang='lat' dir='ltr'>d&#39;ns</span> 
     </span>
     <span class='ocr_line' id='line_1_22' title="bbox 404 3187 1697 3273; baseline -0.001 -23"><span class='ocrx_word' id='word_1_154' title='bbox 404 3187 565 3262; x_wconf 72' lang='lat' dir='ltr'>Thomas</span> <span class='ocrx_word' id='word_1_155' title='bbox 594 3188 657 3251; x_wconf 93' lang='lat' dir='ltr'>Dei</span> <span class='ocrx_word' id='word_1_156' title='bbox 684 3208 753 3272; x_wconf 88' lang='lat' dir='ltr'>gra.</span> <span class='ocrx_word' id='word_1_157' title='bbox 783 3188 944 3252; x_wconf 92' lang='lat' dir='ltr'>Dunolm.</span> <span class='ocrx_word' id='word_1_158' title='bbox 973 3188 1081 3271; x_wconf 87' lang='lat' dir='ltr'>Ep&#39;us</span> <span class='ocrx_word' id='word_1_159' title='bbox 1107 3188 1232 3252; x_wconf 91' lang='lat' dir='ltr'>dilecto</span> <span class='ocrx_word' id='word_1_160' title='bbox 1258 3187 1356 3252; x_wconf 89' lang='lat' dir='ltr'>nobis</span> <span class='ocrx_word' id='word_1_161' title='bbox 1382 3189 1417 3253; x_wconf 92' lang='lat' dir='ltr'>in</span> <span class='ocrx_word' id='word_1_162' title='bbox 1444 3211 1512 3273; x_wconf 90' lang='lat' dir='ltr'>xpo</span> <span class='ocrx_word' id='word_1_163' title='bbox 1526 3205 1577 3267; x_wconf 80' lang='lat' dir='ltr'>Bp.</span> <span class='ocrx_word' id='word_1_164' title='bbox 1593 3204 1697 3266; x_wconf 72' lang='lat' dir='ltr'>Langre</span> 
     </span>
     <span class='ocr_line' id='line_1_23' title="bbox 404 3291 1512 3375; baseline 0.003 -20"><span class='ocrx_word' id='word_1_165' title='bbox 404 3291 485 3356; x_wconf 86' lang='lat' dir='ltr'>d’no</span> <span class='ocrx_word' id='word_1_166' title='bbox 513 3291 636 3355; x_wconf 88' lang='lat' dir='ltr'>Nich’o</span> <span class='ocrx_word' id='word_1_167' title='bbox 653 3291 790 3365; x_wconf 92' lang='lat' dir='ltr'>Hulme‚</span> <span class='ocrx_word' id='word_1_168' title='bbox 817 3292 1016 3375; x_wconf 87' lang='lat' dir='ltr'>presbiter0,</span> <span class='ocrx_word' id='word_1_169' title='bbox 1041 3291 1290 3356; x_wconf 82' lang='lat' dir='ltr'>Canonicatum</span> <span class='ocrx_word' id='word_1_170' title='bbox 1314 3292 1348 3358; x_wconf 91' lang='lat' dir='ltr'>in</span> <span class='ocrx_word' id='word_1_171' title='bbox 1373 3293 1512 3358; x_wconf 89' lang='lat' dir='ltr'>ecclesia</span> 
     </span>
     <span class='ocr_line' id='line_1_24' title="bbox 405 3395 1512 3480; baseline 0.004 -21"><span class='ocrx_word' id='word_1_172' title='bbox 405 3395 583 3480; x_wconf 85' lang='lat' dir='ltr'>collegiata</span> <span class='ocrx_word' id='word_1_173' title='bbox 609 3396 764 3480; x_wconf 89' lang='lat' dir='ltr'>predicta</span> <span class='ocrx_word' id='word_1_174' title='bbox 788 3402 823 3460; x_wconf 93' lang='lat' dir='ltr'>et</span> <span class='ocrx_word' id='word_1_175' title='bbox 848 3396 1058 3479; x_wconf 92' lang='lat' dir='ltr'>prebendam</span> <span class='ocrx_word' id='word_1_176' title='bbox 1082 3396 1125 3460; x_wconf 93' lang='lat' dir='ltr'>de</span> <span class='ocrx_word' id='word_1_177' title='bbox 1150 3396 1308 3460; x_wconf 86' lang='lat' dir='ltr'>Scharow</span> <span class='ocrx_word' id='word_1_178' title='bbox 1333 3396 1367 3462; x_wconf 92' lang='lat' dir='ltr'>in</span> <span class='ocrx_word' id='word_1_179' title='bbox 1392 3398 1512 3463; x_wconf 88' lang='lat' dir='ltr'>eadem</span> 
     </span>
     <span class='ocr_line' id='line_1_25' title="bbox 405 3500 1511 3585; baseline 0.002 -22"><span class='ocrx_word' id='word_1_180' title='bbox 405 3519 464 3582; x_wconf 93' lang='lat' dir='ltr'>per</span> <span class='ocrx_word' id='word_1_181' title='bbox 483 3500 750 3584; x_wconf 86' lang='lat' dir='ltr'>resignacionem</span> <span class='ocrx_word' id='word_1_182' title='bbox 771 3501 924 3585; x_wconf 85' lang='lat' dir='ltr'>Magistri</span> <span class='ocrx_word' id='word_1_183' title='bbox 945 3501 1056 3584; x_wconf 89' lang='lat' dir='ltr'>Joh’is</span> <span class='ocrx_word' id='word_1_184' title='bbox 1076 3500 1205 3584; x_wconf 87' lang='lat' dir='ltr'>Soulby</span> <span class='ocrx_word' id='word_1_185' title='bbox 1224 3500 1338 3564; x_wconf 86' lang='lat' dir='ltr'>vltimi</span> <span class='ocrx_word' id='word_1_186' title='bbox 1358 3503 1511 3566; x_wconf 88' lang='lat' dir='ltr'>canonici</span> 
     </span>
     <span class='ocr_line' id='line_1_26' title="bbox 404 3604 1512 3689; baseline 0.002 -22"><span class='ocrx_word' id='word_1_187' title='bbox 404 3609 438 3667; x_wconf 92' lang='lat' dir='ltr'>et</span> <span class='ocrx_word' id='word_1_188' title='bbox 466 3604 681 3688; x_wconf 89' lang='lat' dir='ltr'>prebendarij</span> <span class='ocrx_word' id='word_1_189' title='bbox 713 3605 898 3669; x_wconf 89' lang='lat' dir='ltr'>eorundem</span> <span class='ocrx_word' id='word_1_190' title='bbox 926 3625 968 3669; x_wconf 88' lang='lat' dir='ltr'>ex</span> <span class='ocrx_word' id='word_1_191' title='bbox 996 3626 1099 3669; x_wconf 90' lang='lat' dir='ltr'>causa</span> <span class='ocrx_word' id='word_1_192' title='bbox 1127 3606 1393 3689; x_wconf 89' lang='lat' dir='ltr'>permutacionis</span> <span class='ocrx_word' id='word_1_193' title='bbox 1421 3606 1512 3670; x_wconf 82' lang='lat' dir='ltr'>iacto</span> 
     </span>
     <span class='ocr_line' id='line_1_27' title="bbox 404 3709 1510 3793; baseline 0.004 -22"><span class='ocrx_word' id='word_1_194' title='bbox 404 3728 481 3772; x_wconf 89' lang='lat' dir='ltr'>cum</span> <span class='ocrx_word' id='word_1_195' title='bbox 507 3709 712 3773; x_wconf 89' lang='lat' dir='ltr'>canonicatu</span> <span class='ocrx_word' id='word_1_196' title='bbox 738 3715 772 3772; x_wconf 95' lang='lat' dir='ltr'>et</span> <span class='ocrx_word' id='word_1_197' title='bbox 792 3709 965 3793; x_wconf 90' lang='lat' dir='ltr'>prebenda</span> <span class='ocrx_word' id='word_1_198' title='bbox 984 3709 1086 3774; x_wconf 88' lang='lat' dir='ltr'>vnius</span> <span class='ocrx_word' id='word_1_199' title='bbox 1105 3709 1356 3792; x_wconf 92' lang='lat' dir='ltr'>prebendarum</span> <span class='ocrx_word' id='word_1_200' title='bbox 1375 3710 1410 3773; x_wconf 94' lang='lat' dir='ltr'>in</span> <span class='ocrx_word' id='word_1_201' title='bbox 1430 3712 1510 3776; x_wconf 87' lang='lat' dir='ltr'>eccl.</span> 
     </span>
     <span class='ocr_line' id='line_1_28' title="bbox 403 3811 1509 3898; baseline 0.005 -23"><span class='ocrx_word' id='word_1_202' title='bbox 403 3811 446 3875; x_wconf 92' lang='lat' dir='ltr'>de</span> <span class='ocrx_word' id='word_1_203' title='bbox 463 3811 598 3876; x_wconf 89' lang='lat' dir='ltr'>Norton</span> <span class='ocrx_word' id='word_1_204' title='bbox 615 3833 655 3877; x_wconf 90' lang='lat' dir='ltr'>ac</span> <span class='ocrx_word' id='word_1_205' title='bbox 672 3813 846 3898; x_wconf 90' lang='lat' dir='ltr'>Hospitali</span> <span class='ocrx_word' id='word_1_206' title='bbox 863 3814 963 3877; x_wconf 90' lang='lat' dir='ltr'>beate</span> <span class='ocrx_word' id='word_1_207' title='bbox 982 3813 1087 3877; x_wconf 90' lang='lat' dir='ltr'>Marie</span> <span class='ocrx_word' id='word_1_208' title='bbox 1101 3813 1144 3877; x_wconf 93' lang='lat' dir='ltr'>de</span> <span class='ocrx_word' id='word_1_209' title='bbox 1161 3813 1328 3877; x_wconf 87' lang='lat' dir='ltr'>Gretham</span> <span class='ocrx_word' id='word_1_210' title='bbox 1346 3814 1509 3881; x_wconf 92' lang='lat' dir='ltr'>Dunolm.</span> 
     </span>
     <span class='ocr_line' id='line_1_29' title="bbox 403 3916 1509 4002; baseline 0.004 -22"><span class='ocrx_word' id='word_1_211' title='bbox 403 3916 490 3981; x_wconf 90' lang='lat' dir='ltr'>dioc.</span> <span class='ocrx_word' id='word_1_212' title='bbox 505 3936 573 3999; x_wconf 89' lang='lat' dir='ltr'>que</span> <span class='ocrx_word' id='word_1_213' title='bbox 587 3916 741 4000; x_wconf 88' lang='lat' dir='ltr'>prefatus</span> <span class='ocrx_word' id='word_1_214' title='bbox 754 3917 831 3981; x_wconf 90' lang='lat' dir='ltr'>d&#39;ns</span> <span class='ocrx_word' id='word_1_215' title='bbox 841 3916 983 3982; x_wconf 89' lang='lat' dir='ltr'>Nich’us</span> <span class='ocrx_word' id='word_1_216' title='bbox 993 3917 1152 4001; x_wconf 90' lang='lat' dir='ltr'>primitus</span> <span class='ocrx_word' id='word_1_217' title='bbox 1163 3917 1313 4002; x_wconf 92' lang='lat' dir='ltr'>optinuit</span> <span class='ocrx_word' id='word_1_218' title='bbox 1326 3920 1488 3984; x_wconf 89' lang='lat' dir='ltr'>vacantia</span> <span class='ocrx_word' id='word_1_219' title='bbox 1500 3935 1509 3965; x_wconf 89' lang='lat'>1</span> 
     </span>
     <span class='ocr_line' id='line_1_30' title="bbox 404 4017 1510 4105; baseline 0.004 -22"><span class='ocrx_word' id='word_1_220' title='bbox 404 4025 438 4083; x_wconf 91' lang='lat' dir='ltr'>et</span> <span class='ocrx_word' id='word_1_221' title='bbox 471 4020 515 4084; x_wconf 95' lang='lat' dir='ltr'>ad</span> <span class='ocrx_word' id='word_1_222' title='bbox 547 4021 767 4085; x_wconf 90' lang='lat' dir='ltr'>collacionem</span> <span class='ocrx_word' id='word_1_223' title='bbox 800 4021 924 4104; x_wconf 88' lang='lat' dir='ltr'>prefati</span> <span class='ocrx_word' id='word_1_224' title='bbox 958 4017 1143 4086; x_wconf 77' lang='lat' dir='ltr'>Reuerenmi</span> <span class='ocrx_word' id='word_1_225' title='bbox 1171 4022 1280 4105; x_wconf 88' lang='lat' dir='ltr'>patris</span> <span class='ocrx_word' id='word_1_226' title='bbox 1311 4022 1411 4105; x_wconf 90' lang='lat' dir='ltr'>pleno</span> <span class='ocrx_word' id='word_1_227' title='bbox 1439 4024 1510 4087; x_wconf 91' lang='lat' dir='ltr'>iure</span> 
     </span>
     <span class='ocr_line' id='line_1_31' title="bbox 403 4122 1511 4211; baseline 0.004 -24"><span class='ocrx_word' id='word_1_228' title='bbox 403 4124 608 4207; x_wconf 88' lang='lat' dir='ltr'>spectantia,</span> <span class='ocrx_word' id='word_1_229' title='bbox 646 4125 719 4189; x_wconf 91' lang='lat' dir='ltr'>vice</span> <span class='ocrx_word' id='word_1_230' title='bbox 756 4132 791 4189; x_wconf 91' lang='lat' dir='ltr'>et</span> <span class='ocrx_word' id='word_1_231' title='bbox 828 4126 1035 4190; x_wconf 90' lang='lat' dir='ltr'>auctoritate</span> <span class='ocrx_word' id='word_1_232' title='bbox 1072 4125 1223 4190; x_wconf 92' lang='lat' dir='ltr'>eiusdem</span> <span class='ocrx_word' id='word_1_233' title='bbox 1261 4122 1366 4191; x_wconf 76' lang='lat' dir='ltr'>Reumi</span> <span class='ocrx_word' id='word_1_234' title='bbox 1403 4129 1511 4211; x_wconf 89' lang='lat' dir='ltr'>patris</span> 
     </span>
     <span class='ocr_line' id='line_1_32' title="bbox 405 4228 1511 4312; baseline 0.003 -21"><span class='ocrx_word' id='word_1_235' title='bbox 405 4228 562 4304; x_wconf 89' lang='lat' dir='ltr'>contulit,</span> <span class='ocrx_word' id='word_1_236' title='bbox 588 4234 623 4291; x_wconf 93' lang='lat' dir='ltr'>et</span> <span class='ocrx_word' id='word_1_237' title='bbox 648 4228 760 4312; x_wconf 89' lang='lat' dir='ltr'>ipsum</span> <span class='ocrx_word' id='word_1_238' title='bbox 785 4229 963 4294; x_wconf 88' lang='lat' dir='ltr'>inuestiuit</span> <span class='ocrx_word' id='word_1_239' title='bbox 988 4230 1150 4294; x_wconf 89' lang='lat' dir='ltr'>canonice</span> <span class='ocrx_word' id='word_1_240' title='bbox 1175 4229 1217 4294; x_wconf 93' lang='lat' dir='ltr'>de</span> <span class='ocrx_word' id='word_1_241' title='bbox 1241 4230 1379 4307; x_wconf 92' lang='lat' dir='ltr'>eisdem,</span> <span class='ocrx_word' id='word_1_242' title='bbox 1405 4231 1511 4296; x_wconf 90' lang='lat' dir='ltr'>Vobis</span> 
     </span>
     <span class='ocr_line' id='line_1_33' title="bbox 405 4332 1510 4419; baseline 0.005 -25"><span class='ocrx_word' id='word_1_243' title='bbox 405 4332 610 4397; x_wconf 89' lang='lat' dir='ltr'>mandamus</span> <span class='ocrx_word' id='word_1_244' title='bbox 629 4334 793 4417; x_wconf 88' lang='lat' dir='ltr'>quatinus</span> <span class='ocrx_word' id='word_1_245' title='bbox 813 4334 986 4417; x_wconf 88' lang='lat' dir='ltr'>prefatum</span> <span class='ocrx_word' id='word_1_246' title='bbox 1006 4334 1101 4398; x_wconf 88' lang='lat' dir='ltr'>d’nm</span> <span class='ocrx_word' id='word_1_247' title='bbox 1121 4334 1258 4397; x_wconf 88' lang='lat' dir='ltr'>Nich’m</span> <span class='ocrx_word' id='word_1_248' title='bbox 1277 4335 1332 4398; x_wconf 90' lang='lat' dir='ltr'>vel</span> <span class='ocrx_word' id='word_1_249' title='bbox 1352 4355 1510 4419; x_wconf 89' lang='lat' dir='ltr'>procura-</span> 
     </span>
     <span class='ocr_line' id='line_1_34' title="bbox 406 4437 1511 4522; baseline 0.003 -23"><span class='ocrx_word' id='word_1_250' title='bbox 406 4442 514 4500; x_wconf 93' lang='lat' dir='ltr'>torem</span> <span class='ocrx_word' id='word_1_251' title='bbox 547 4457 648 4500; x_wconf 93' lang='lat' dir='ltr'>suum</span> <span class='ocrx_word' id='word_1_252' title='bbox 681 4437 752 4501; x_wconf 93' lang='lat' dir='ltr'>eius</span> <span class='ocrx_word' id='word_1_253' title='bbox 785 4438 922 4501; x_wconf 92' lang='lat' dir='ltr'>nomine</span> <span class='ocrx_word' id='word_1_254' title='bbox 954 4438 988 4501; x_wconf 90' lang='lat' dir='ltr'>in</span> <span class='ocrx_word' id='word_1_255' title='bbox 1022 4437 1232 4522; x_wconf 86' lang='lat' dir='ltr'>corporalem</span> <span class='ocrx_word' id='word_1_256' title='bbox 1264 4439 1511 4521; x_wconf 90' lang='lat' dir='ltr'>possessionem</span> 
     </span>
     <span class='ocr_line' id='line_1_35' title="bbox 405 4539 1511 4625; baseline 0.002 -22"><span class='ocrx_word' id='word_1_257' title='bbox 405 4539 575 4604; x_wconf 90' lang='lat' dir='ltr'>dictorum</span> <span class='ocrx_word' id='word_1_258' title='bbox 610 4540 839 4606; x_wconf 85' lang='lat' dir='ltr'>Canonicatus</span> <span class='ocrx_word' id='word_1_259' title='bbox 873 4548 908 4605; x_wconf 91' lang='lat' dir='ltr'>et</span> <span class='ocrx_word' id='word_1_260' title='bbox 941 4541 1113 4625; x_wconf 91' lang='lat' dir='ltr'>prebende</span> <span class='ocrx_word' id='word_1_261' title='bbox 1146 4540 1318 4606; x_wconf 90' lang='lat' dir='ltr'>inducatis</span> <span class='ocrx_word' id='word_1_262' title='bbox 1352 4542 1511 4606; x_wconf 89' lang='lat' dir='ltr'>inducive</span> 
     </span>
     <span class='ocr_line' id='line_1_36' title="bbox 408 4642 1511 4727; baseline 0.005 -22"><span class='ocrx_word' id='word_1_263' title='bbox 408 4642 550 4720; x_wconf 80' lang='lat' dir='ltr'>faciatis,</span> <span class='ocrx_word' id='word_1_264' title='bbox 572 4664 651 4708; x_wconf 90' lang='lat' dir='ltr'>cum</span> <span class='ocrx_word' id='word_1_265' title='bbox 673 4644 741 4708; x_wconf 92' lang='lat' dir='ltr'>suis</span> <span class='ocrx_word' id='word_1_266' title='bbox 763 4645 892 4709; x_wconf 91' lang='lat' dir='ltr'>iuribus</span> <span class='ocrx_word' id='word_1_267' title='bbox 913 4650 948 4708; x_wconf 94' lang='lat' dir='ltr'>et</span> <span class='ocrx_word' id='word_1_268' title='bbox 969 4644 1092 4727; x_wconf 91' lang='lat' dir='ltr'>pertin.</span> <span class='ocrx_word' id='word_1_269' title='bbox 1115 4644 1292 4721; x_wconf 91' lang='lat' dir='ltr'>vniuersis,</span> <span class='ocrx_word' id='word_1_270' title='bbox 1314 4645 1455 4711; x_wconf 92' lang='lat' dir='ltr'>stallum</span> <span class='ocrx_word' id='word_1_271' title='bbox 1477 4646 1511 4710; x_wconf 93' lang='lat' dir='ltr'>in</span> 
     </span>
    </p>
   </div>
   <div class='ocr_carea' id='block_1_7' title="bbox 495 4820 800 4872">
    <p class='ocr_par' dir='ltr' id='par_1_11' title="bbox 495 4820 800 4872">
     <span class='ocr_line' id='line_1_37' title="bbox 495 4820 800 4872; baseline -0.007 -1"><span class='ocrx_word' id='word_1_272' title='bbox 495 4821 551 4871; x_wconf 88' lang='lat' dir='ltr'>MS.</span> <span class='ocrx_word' id='word_1_273' title='bbox 566 4822 618 4872; x_wconf 84' lang='lat' dir='ltr'>has</span> <span class='ocrx_word' id='word_1_274' title='bbox 632 4820 800 4869; x_wconf 86' lang='lat' dir='ltr'>“vocant’.”</span> 
     </span>
    </p>
   </div>
   <div class='ocr_carea' id='block_1_8' title="bbox 0 0 1980 5625">
    <p class='ocr_par' dir='ltr' id='par_1_12' title="bbox 0 0 1980 5625">
     <span class='ocr_line' id='line_1_38' title="bbox 0 0 1980 5625; baseline 0 0"><span class='ocrx_word' id='word_1_275' title='bbox 0 0 1980 5625; x_wconf 95' lang='lat' dir='ltr'> </span> 
     </span>
    </p>
   </div>
  </div>
 </body>
</html>
