3950 5625
374 688 438 754 274
659 671 738 735 Tira
763 672 919 737 Iuorrssv
943 670 1193 735 Manuscrurr.
1229 667 1241 686 “

376 857 625 933 procuratores
658 857 801 926 actores,
834 850 993 925 factores,
1027 870 1067 913 ac
1098 849 1316 933 negociorum
1342 862 1445 912 suorum

380 956 433 1041 (96
452 956 497 1036 v.)
538 954 833 1037 infrascriptomm
877 962 1029 1039 gestores
1066 961 1100 1020 et
1144 956 1289 1020 nuncios
1323 948 1446 1039 speciale

380 1058 564 1134 ordinauit,
592 1059 683 1133 fecit,
710 1059 902 1134 constituit,
929 1065 964 1123 et
990 1060 1214 1143 solempniter
1238 1059 1362 1124 creauit
1381 1049 1447 1139 apud

382 1169 471 1238 acta,
503 1163 598 1227 dedit
585 1170 668 1247 tque
695 1170 729 1227 et
760 1164 926 1228 concessit
957 1164 1113 1249 prelatus
1142 1165 1355 1229 constituens
1379 1155 1450 1225 dictis

261 1266 369 1376 ffiffi
383 1267 661 1352 procuratoribus
683 1267 752 1345 suis
774 1268 984 1333 coniunctim
1007 1274 1220 1353 potestatem
1242 1263 1453 1354 generalemet

261 1395 316 1442 ain
383 1372 564 1488 specialem
591 1393 631 1436 ac
657 1372 862 1437 mandatum
889 1344 1044 1458 generale
1071 1379 1106 1437 et
1132 1373 1280 1456 speciale
1306 1392 1365 1458 pro
1386 1367 1455 1434 scel

261 1464 359 1578 ‚¹3¹¹c·
321 1477 348 1510 ¹¹¹
383 1476 520 1541 nomine
546 1497 608 1540 suo
635 1498 674 1540 ac
701 1477 872 1560 prebende
897 1498 957 1542 sue
983 1477 1135 1561 predicte
1161 1498 1280 1542 coram
1305 1465 1458 1542 venerabili

383 1580 542 1664 Capitulo
566 1581 656 1645 Eccl.
681 1581 761 1646 Coll.
784 1581 921 1665 Ripon',
941 1582 1254 1666 quocienscumque
1274 1603 1360 1666 opus
1374 1574 1459 1645 fuerit

382 1685 447 1749 et
440 1707 552 1770 ipsum
574 1686 842 1750 constituentem
863 1687 980 1750 abesse
1001 1686 1194 1772 contigerit,
1215 1683 1426 1772 comparendi
1438 1681 1463 1742 el

382 1790 615 1866 interessendi,
641 1791 855 1875 eundemque
879 1798 913 1854 et
937 1790 1009 1855 eius
1033 1791 1107 1856 iura
1130 1792 1165 1855 in
1189 1792 1352 1857 omnibus
1373 1797 1407 1856 et
1423 1800 1466 1873 pet

382 1895 498 1959 omnia
524 1895 739 1971 defendendi,
767 1916 899 1959 necnon
926 1895 1214 1970 communicandi,
1243 1895 1424 1971 tractandi,
1443 1897 1469 1954 et

382 1999 580 2063 consulendi
610 2021 649 2063 ac
679 1999 787 2063 eciam
817 1999 1065 2075 consenciendi,
1096 2020 1166 2064 una
1195 2020 1276 2065 cum
1306 1993 1473 2065 venerabili

382 2103 541 2186 Capitulo
553 2103 739 2179 antedicto
753 2103 795 2167 de
807 2109 842 2167 et
854 2103 888 2167 in
901 2104 1060 2168 omnibus
1072 2111 1107 2168 et
1118 2103 1260 2189 singulis
1271 2105 1318 2169 ad
1329 2106 1476 2170 honorem

383 2207 446 2271 Dei
465 2228 504 2271 ac
522 2213 654 2272 statum
673 2213 707 2271 et
725 2207 913 2272 vtilitatem
932 2208 1085 2273 eiusdem
1103 2208 1254 2273 Ecclesie
1272 2209 1439 2274 habendis
1452 2210 1478 2270 et

382 2310 580 2375 ordinandis
596 2317 630 2374 et
646 2313 850 2388 statuendis,
867 2333 907 2376 ac
922 2312 1031 2376 eciam
1047 2312 1091 2376 ad
1106 2311 1272 2377 vicariam
1288 2320 1481 2398 perpetuam

382 2416 425 2479 de
449 2416 609 2500 Stodeley
634 2416 668 2481 in
692 2417 821 2481 Eccl'ia
844 2416 925 2481 Coll.
952 2416 1106 2499 predicta
1130 2416 1174 2480 ad
1198 2419 1483 2501 presentacionem

382 2521 534 2585 eiusdem
565 2521 783 2605 Prebendarij
816 2521 1128 2605 quocienscumque
1157 2541 1281 2586 vacare
1311 2521 1484 2608 contigerit

382 2630 608 2708 spectantem,
661 2625 883 2708 Capelianum
934 2625 1108 2708 ydoneum
1160 2625 1253 2690 dicto
1304 2625 1485 2692 venerabili

383 2729 542 2812 Capitulo
570 2729 708 2793 nomine
737 2750 798 2793 suo
828 2729 1058 2812 presentandi‚
1088 2751 1220 2794 necnon
1249 2751 1487 2817 quamcunque

383 2834 574 2898 cantariam
590 2834 624 2897 in
642 2834 735 2898 dicta
751 2831 829 2899 eccl.
849 2834 929 2899 Coll.
948 2834 1176 2918 quouismodo
1192 2842 1379 2901 vacantem
1395 2836 1487 2902 alicui

383 2937 567 3021 Capellano
587 2939 721 3021 ydoneo
738 2939 878 3003 alternis
894 2938 1027 3002 vicibus
1043 2938 1107 3002 sibi
1126 2940 1338 3023 competenti
1358 2942 1489 3005 nomine

383 3064 445 3107 suo
473 3043 679 3119 conferendi,
710 3049 778 3119 etc„
807 3064 886 3108 cum
914 3042 1074 3107 omnibus
1103 3048 1137 3106 et
1165 3042 1307 3127 singulis
1334 3044 1489 3109 clausulis

383 3148 583 3232 necessarijs
601 3154 635 3212 et
655 3149 845 3232 oportunis.

474 3330 562 3412 (359)
588 3328 839 3393 Courruuacro
863 3328 1157 3392 Conuocacroms
1180 3344 1230 3392 An
1254 3345 1390 3394 moras,

261 3497 368 3559 ‚galion
473 3483 686 3547 Presidentes
717 3482 859 3565 capituli
893 3482 1140 3546 continuarunt
1175 3483 1221 3565 (et
1252 3488 1488 3567 prorogarunt,

385 3588 528 3671 Chapter
548 3588 637 3662 Acts,
660 3586 735 3668 260)
761 3586 956 3650 huiusmodi
984 3586 1278 3650 Conuocacionem
1300 3588 1490 3672 generalem

382 3712 490 3776 vsque
513 3691 544 3774 (8
565 3712 643 3756 am.
662 3711 706 3754 on
727 3691 786 3754 the
806 3709 961 3765 morroW‚
983 3696 1051 3764 etc„
1072 3710 1110 3753 os
1127 3689 1166 3753 in
1187 3689 1329 3774 Chapter
1348 3692 1437 3767 Acts,
1456 3696 1488 3775 p.

382 3795 457 3871 260,
478 3794 554 3859 otta
571 3794 668 3878 slight
683 3793 792 3858 verbal
806 3792 1021 3877 differences).

506 3974 773 4038 Aoournracro
798 3990 906 4037 raom
931 3971 1172 4052 Commissum]
1198 3972 1380 4041 Caeirutr.

261 4114 305 4227 {ee
322 4114 351 4162 0f
472 4115 561 4179 item
577 4120 632 4178 sta
634 4120 751 4178 tutum
768 4114 843 4177 est
835 4134 870 4177 m
887 4114 1036 4197 presenti
1056 4113 1312 4178 Conuocacione
1330 4116 1488 4200 generali,

261 4195 339 4309 γοζὲ
336 4247 370 4296 be
382 4220 477 4305 quod
527 4220 568 4283 de
620 4225 733 4283 cetero
782 4220 1036 4303 imperpetuum
1082 4216 1341 4282 Commissarius
1375 4227 1492 4284 noster

261 4318 358 4430 :1¹⁰3
383 4322 547 4408 generalis
583 4343 644 4406 pro
681 4328 834 4405 tempore
870 4322 1031 4387 existenti
1067 4321 1206 4406 recipiet
1192 4322 1329 4386 tduos
1364 4324 1492 4389 solidos

261 4446 324 4496 sion
382 4427 498 4512 legalis
533 4433 670 4490 monete
703 4426 823 4511 Anglie
858 4447 920 4510 pro
955 4426 1130 4490 laboribus
1163 4425 1243 4499 suia,
1276 4425 1319 4489 de
1349 4427 1492 4512 singulis

382 4530 631 4613 Prebendarijs
656 4530 743 4594 Cant
729 4531 868 4606 taristis,
892 4537 926 4595 et
949 4529 1124 4613 Vicarijs
1116 4550 1151 4593 m
1173 4529 1290 4612 primis
1312 4529 1491 4597 admissio-

379 4637 481 4700 nibus
521 4635 590 4698 suis
631 4634 675 4698 ad
717 4634 868 4718 aliquam
910 4635 1135 4709 Prebendam‚
1177 4633 1387 4710 Canteriam,
1430 4657 1491 4703 seu

378 4740 549 4807 Vicariam
567 4740 602 4803 in
621 4739 714 4804 dicta
733 4738 884 4804 Ecclesia
902 4746 1021 4804 nostra
1039 4738 1234 4826 Collegiata.
