3950 5625
774 711 868 776 Acrs
890 728 937 776 or
958 710 1139 777 charran.
1448 723 1512 788 κα)

403 903 538 954 terrena
554 890 589 955 in
605 890 799 974 spiritualia
815 897 1030 955 commutare
1047 911 1109 974 pro
1125 892 1261 965 eternis
1278 890 1390 955 condo
1406 896 1512 953 testa·

402 1001 560 1059 mentum
582 1015 699 1059 meum
721 995 756 1058 in
778 996 870 1059 hunc
892 996 1045 1060 modum.
1094 995 1134 1059 In
1158 996 1286 1079 primis
1309 994 1513 1059 commendo

403 1098 554 1163 animam
586 1119 700 1163 meam
732 1099 806 1163 Deo
838 1099 1081 1184 Omnipotenti
1113 1100 1158 1164 ad
1189 1099 1286 1164 cuins
1316 1099 1512 1182 ymaginem

403 1203 542 1267 condita
570 1203 689 1266 existit
716 1210 752 1267 et
779 1209 907 1277 creata,
936 1224 1129 1287 corpusque
1157 1224 1273 1268 meum
1301 1203 1334 1267 in
1362 1203 1513 1266 cancello

402 1307 540 1371 ecclesie
578 1327 652 1371 mee
689 1308 894 1390 parochialis
930 1308 973 1372 de
1008 1309 1255 1372 Amotesham¹
1287 1307 1512 1371 ecclesiastice

403 1411 611 1476 tradendum
655 1412 840 1494 sepulture.
889 1412 979 1476 Item
1024 1412 1098 1496 lego
1143 1431 1278 1476 summo
1322 1411 1422 1475 altari
1466 1413 1512 1475 ob

403 1515 677 1599 redempcionem
718 1516 831 1579 anime
872 1536 957 1590 mee,
1000 1522 1251 1600 parentumque
1294 1518 1371 1597 (etl-⁵
1411 1517 1511 1580 bene·

402 1620 575 1685 factorum
604 1640 759 1684 meorum
788 1619 823 1683 in
852 1625 1056 1704 perpetuam
1086 1620 1132 1683 rei
1162 1620 1373 1695 memoriam,
1404 1641 1512 1685 vnum

402 1724 650 1788 vestimentum
688 1724 806 1788 album
843 1724 886 1787 de
923 1724 1098 1788 damaske.
1147 1724 1236 1788 Item
1273 1725 1348 1809 lego
1385 1724 1512 1788 fabrice

391 1829 542 1892 'ecclesie
567 1828 731 1912 predicte,
758 1848 833 1893 xxs.
882 1828 972 1892 Item
999 1828 1073 1913 lego
1099 1828 1238 1893 cuilibet
1264 1829 1441 1912 capellano
1467 1829 1512 1893 ad

403 1933 565 2018 exequias
583 1939 618 1997 et
638 1933 778 1997 missam
797 1932 924 1997 ibidem
943 1954 1006 2016 pro
1024 1954 1079 1997 me
1097 1932 1270 2003 existenti.
1290 1932 1373 2016 xijd.
1423 1933 1512 1997 Item

403 2037 478 2122 lego
504 2036 645 2101 cuilibet
672 2037 794 2101 clerico
821 2037 865 2101 ad
892 2037 1022 2101 dictam
1050 2037 1190 2101 missam
1216 2044 1251 2101 et
1279 2037 1323 2101 ad
1350 2037 1512 2121 exequias

404 2142 578 2217 existenti,
602 2142 687 2224 iijd,
712 2147 747 2205 et
770 2141 910 2206 cuilibet
933 2142 968 2205 in
992 2143 1096 2206 choro
1118 2142 1290 2216 existenti,
1315 2141 1374 2224 ijd.
1424 2141 1512 2206 Item

403 2247 478 2331 lego
501 2246 734 2331 pulsatoribus
757 2266 1005 2330 campanarum
1029 2246 1168 2320 ibidem,
1191 2245 1277 2329 xijd.
1325 2246 1414 2310 Item
1438 2245 1513 2330 lego

404 2350 439 2415 C.
464 2371 491 2415 s.
517 2350 743 2415 distribuend.
769 2370 831 2435 per
853 2356 1052 2415 executores
1076 2370 1169 2414 meos
1193 2350 1400 2434 pauperibus
1424 2349 1513 2414 infra

404 2455 603 2539 parochiam
619 2475 732 2519 meam
750 2454 792 2518 de
810 2455 1045 2520 Amotesham.
1095 2455 1183 2519 Item
1201 2454 1275 2538 lego
1292 2454 1336 2518 ad
1354 2454 1513 2518 emenda·

403 2558 538 2623 cionem
570 2559 705 2623 viarum
739 2559 829 2623 inter
861 2559 1086 2624 Amotesham
1120 2565 1154 2623 et
1187 2558 1403 2634 Channunia
1437 2577 1510 2623 xxs.

408 2664 496 2728 Item
514 2664 590 2748 lego
608 2663 739 2728 Abbati
758 2669 793 2727 et
812 2663 1000 2728 conventui
1020 2663 1062 2727 de
1082 2663 1317 2727 Miserenden⁴
1333 2683 1395 2747 pro
1414 2661 1512 2727 obitu

405 2789 482 2833 meo
508 2768 636 2833 ibidem
662 2767 818 2833 iaciendo
844 2768 878 2833 in
904 2787 1019 2832 mense
1045 2774 1124 2852 post
1149 2767 1362 2852 sepulturam
1388 2785 1511 2842 meam,

406 2873 519 2957 xxvjs.
562 2873 659 2957 viijd.
708 2873 797 2937 Item
839 2874 978 2937 Decano
1020 2873 1092 2937 siue
1133 2872 1279 2948 custodi,
1322 2871 1511 2946 Canonicis,

406 2977 554 3062 vicarijS,
569 2984 604 3041 et
618 2976 694 3060 alijs
706 2977 871 3041 ministris
884 2976 1021 3061 Collegij
1038 2976 1104 3041 S'ci
1117 2976 1239 3061 Georgi
1253 2976 1341 3041 inira
1354 2975 1513 3042 Castrum

405 3082 448 3146 de
485 3082 701 3166 Wyndsoure
739 3081 801 3146 xls
850 3081 939 3145 Item
977 3081 1052 3165 lego
1090 3081 1218 3145 vicario
1256 3087 1291 3145 et
1329 3078 1513 3164 capellanis

406 3186 542 3250 ecclesie
564 3187 665 3250 beate
682 3185 786 3249 Marie
808 3186 850 3250 de
869 3185 1067 3269 Cropredy⁵
1088 3206 1150 3270 pro
1172 3184 1325 3269 exequijs
1347 3190 1381 3249 et
1403 3184 1514 3248 missis

405 3290 532 3355 ibidem
545 3311 608 3375 pro
620 3310 674 3354 me
691 3289 865 3365 faciendis
883 3309 933 3354 rs,
983 3290 1072 3353 Item
1092 3291 1166 3374 lego
1187 3288 1222 3356 C.
1241 3309 1267 3353 s.
1286 3287 1511 3354 distribuend.

406 3394 440 3458 in
474 3394 629 3479 predicta
662 3394 824 3478 parochia
858 3394 947 3459 inter
980 3414 1147 3478 pauperes
1181 3414 1242 3478 pro
1276 3392 1391 3457 anima
1425 3411 1511 3457 mea.

407 3497 496 3563 Item
524 3499 599 3583 lego
627 3498 810 3574 canonicis
840 3497 989 3582 vicarijs
1020 3505 1056 3587 et
1084 3498 1160 3582 alijs
1188 3496 1352 3562 ministris
1380 3496 1509 3581 collegij

407 3602 472 3667 S'ci
502 3601 594 3667 Petri
623 3602 665 3666 de
695 3602 808 3686 Ripon
838 3602 965 3667 ibidem
989 3602 1242 3667 celebrantibus
1266 3601 1427 3687 exequias
1451 3620 1513 3685 pro

407 3706 517 3771 salute
548 3706 660 3771 anime
692 3727 776 3782 mee,
809 3726 882 3771 xxs
932 3706 1021 3771 Item
1053 3707 1127 3792 lego
1158 3706 1193 3772 C.
1226 3727 1252 3771 s
1285 3703 1510 3771 distribuend.

406 3810 496 3875 inter
528 3831 694 3895 pauperes
727 3810 816 3877 intra
850 3811 1048 3896 parochiam
1082 3811 1273 3896 predictam
1307 3830 1368 3895 pro
1401 3809 1512 3874 salute
1647 3879 1652 3890 ¹

407 3915 519 3979 anime
532 3935 616 3980 mee.
666 3915 754 3979 Item
769 3915 842 4000 lego
856 3916 1041 3981 Abbatisse
1055 3922 1089 3981 et
1103 3914 1296 3982 Conuentui
1310 3913 1352 3979 de
1367 3914 1513 3978 Minores
1545 3880 1702 3996 aiam?

407 4025 504 4085 extra
538 4025 675 4104 portam
710 4018 882 4084 London6
916 4041 977 4105 pro
1012 4020 1167 4107 exequijs
1201 4040 1262 4105 pro
1297 4039 1351 4084 me
1386 4017 1513 4082 ibidem
1566 4014 1644 4062 Nuus
1657 4012 1686 4060 0¹

406 4124 626 4200 celebrandi&
646 4144 721 4189 XXS·
771 4125 833 4208 (74)
858 4125 947 4189 stem
966 4126 1041 4212 lego
1060 4147 1122 4211 pro
1142 4123 1297 4209 exequiis
1317 4124 1351 4187 in
1371 4121 1513 4186 ecclesia
1555 4082 1594 4129 δῖ’
1609 4080 1695 4128 ΟΜ

478 4282 485 4304 ¹
505 4278 677 4334 Amersham,
693 4276 793 4326 Bucks.
867 4282 878 4304 ²
897 4277 954 4327 Not
968 4279 995 4327 in
1010 4280 1066 4329 MS.

478 4368 638 4418 3Challont
657 4369 696 4417 St.
713 4368 795 4417 Giles'
814 4370 868 4419 and
890 4369 1022 4421 Chailont
1041 4372 1080 4420 St.
1099 4368 1213 4423 Peter’s‚
1232 4381 1293 4416 now
1313 4381 1349 4415 on
1370 4366 1418 4415 the
1437 4364 1513 4412 main

407 4448 473 4497 road
490 4449 528 4512 by
542 4448 684 4511 Uxbridge
701 4452 732 4497 to
746 4447 872 4498 London.

477 4543 487 4574 ⁴
505 4539 626 4589 Written
637 4539 706 4588 with
720 4540 814 4601 along
828 4541 846 4588 S
859 4540 959 4604 looped
974 4541 1001 4590 in
1016 4540 1092 4590 irunt
1107 4540 1149 4587 lor
1162 4551 1223 4585 ser.
1263 4535 1320 4584 The
1334 4532 1514 4584 Benedictine

408 4618 507 4682 Abbey
519 4618 549 4667 ol
562 4619 727 4668 Missenden.
743 4618 843 4668 Bucks.

479 4714 488 4747 ⁵
507 4710 540 4758 In
555 4712 603 4759 the
616 4710 701 4759 north
714 4710 767 4757 end
782 4709 811 4758 ol
824 4708 1014 4759 Oxlordehire.

478 4800 489 4830 ⁶
508 4804 634 4866 Aldgate.

587 4914 625 4977 ¹4
