<?xml version="1.0" encoding="UTF-8"?>
<!DOCTYPE html PUBLIC "-//W3C//DTD XHTML 1.0 Transitional//EN"
    "http://www.w3.org/TR/xhtml1/DTD/xhtml1-transitional.dtd">
<html xmlns="http://www.w3.org/1999/xhtml" xml:lang="en" lang="en">
 <head>
  <title>
</title>
<meta http-equiv="Content-Type" content="text/html;charset=utf-8" />
  <meta name='ocr-system' content='tesseract 3.04.00' />
  <meta name='ocr-capabilities' content='ocr_page ocr_carea ocr_par ocr_line ocrx_word'/>
</head>
<body>
  <div class='ocr_page' id='page_1' title='image "./memorialschurch00fowlgoog_0213.png"; bbox 0 0 3950 5625; ppageno 0'>
   <div class='ocr_carea' id='block_1_1' title="bbox 769 687 1507 767">
    <p class='ocr_par' dir='ltr' id='par_1_1' title="bbox 769 687 1507 767">
     <span class='ocr_line' id='line_1_1' title="bbox 769 687 1507 767; baseline 0.003 -13"><span class='ocrx_word' id='word_1_1' title='bbox 769 689 862 754; x_wconf 87' lang='lat' dir='ltr'>Acrs</span> <span class='ocrx_word' id='word_1_2' title='bbox 887 705 932 754; x_wconf 76' lang='lat' dir='ltr'>or</span> <span class='ocrx_word' id='word_1_3' title='bbox 955 687 1134 753; x_wconf 75' lang='lat' dir='ltr'>Cnnrren.</span> <span class='ocrx_word' id='word_1_4' title='bbox 1447 697 1507 767; x_wconf 84' lang='lat'>175</span> 
     </span>
    </p>
   </div>
   <div class='ocr_carea' id='block_1_2' title="bbox 642 867 1267 953">
    <p class='ocr_par' dir='ltr' id='par_1_2' title="bbox 642 867 1267 953">
     <span class='ocr_line' id='line_1_2' title="bbox 642 867 1267 953; baseline -0.008 -17"><span class='ocrx_word' id='word_1_5' title='bbox 642 869 729 953; x_wconf 84' lang='lat'>(258)</span> <span class='ocrx_word' id='word_1_6' title='bbox 759 868 964 951; x_wconf 83' lang='lat' dir='ltr'>(Certificate</span> <span class='ocrx_word' id='word_1_7' title='bbox 988 869 1024 932; x_wconf 82' lang='lat' dir='ltr'>oi</span> <span class='ocrx_word' id='word_1_8' title='bbox 1046 867 1267 950; x_wconf 82' lang='lat' dir='ltr'>Admission).</span> 
     </span>
    </p>
   </div>
   <div class='ocr_carea' id='block_1_3' title="bbox 403 981 1674 1268">
    <p class='ocr_par' dir='ltr' id='par_1_3' title="bbox 403 981 1674 1268">
     <span class='ocr_line' id='line_1_3' title="bbox 488 981 1660 1095; baseline -0.009 -43"><span class='ocrx_word' id='word_1_9' title='bbox 488 986 663 1052; x_wconf 91' lang='lat' dir='ltr'>Vniuersis</span> <span class='ocrx_word' id='word_1_10' title='bbox 687 1038 693 1051; x_wconf 90' lang='lat'><em>.</em></span> <span class='ocrx_word' id='word_1_11' title='bbox 720 1037 726 1050; x_wconf 90' lang='lat'><strong>.</strong></span> <span class='ocrx_word' id='word_1_12' title='bbox 751 984 832 1060; x_wconf 91' lang='lat' dir='ltr'>Nos,</span> <span class='ocrx_word' id='word_1_13' title='bbox 856 984 1054 1068; x_wconf 83' lang='lat' dir='ltr'>Capitulum</span> <span class='ocrx_word' id='word_1_14' title='bbox 1142 984 1309 1048; x_wconf 89' lang='lat' dir='ltr'>Rob&#39;tum</span> <span class='ocrx_word' id='word_1_15' title='bbox 1332 983 1441 1047; x_wconf 92' lang='lat' dir='ltr'>Merot</span> <span class='ocrx_word' id='word_1_16' title='bbox 1463 981 1508 1046; x_wconf 89' lang='lat' dir='ltr'>ad</span> <span class='ocrx_word' id='word_1_17' title='bbox 1571 993 1660 1095; x_wconf 66' lang='grc' dir='ltr'>Α1399·</span> 
     </span>
     <span class='ocr_line' id='line_1_4' title="bbox 403 1061 1674 1172; baseline -0.007 -16"><span class='ocrx_word' id='word_1_18' title='bbox 403 1092 565 1156; x_wconf 84' lang='lat' dir='ltr'>vicariam</span> <span class='ocrx_word' id='word_1_19' title='bbox 588 1111 662 1155; x_wconf 92' lang='lat' dir='ltr'>can.</span> <span class='ocrx_word' id='word_1_20' title='bbox 689 1090 786 1154; x_wconf 89' lang='lat' dir='ltr'>Preb.</span> <span class='ocrx_word' id='word_1_21' title='bbox 811 1089 853 1153; x_wconf 92' lang='lat' dir='ltr'>de</span> <span class='ocrx_word' id='word_1_22' title='bbox 877 1089 1034 1153; x_wconf 86' lang='lat' dir='ltr'>Sharrow</span> <span class='ocrx_word' id='word_1_23' title='bbox 1058 1141 1064 1154; x_wconf 92' lang='lat'><strong>.</strong></span> <span class='ocrx_word' id='word_1_24' title='bbox 1092 1141 1097 1153; x_wconf 94' lang='lat'>.</span> <span class='ocrx_word' id='word_1_25' title='bbox 1123 1110 1155 1172; x_wconf 93' lang='lat' dir='ltr'>p.</span> <span class='ocrx_word' id='word_1_26' title='bbox 1181 1109 1242 1152; x_wconf 79' lang='lat' dir='ltr'>res,</span> <span class='ocrx_word' id='word_1_27' title='bbox 1268 1087 1338 1152; x_wconf 92' lang='lat' dir='ltr'>d&#39;ni</span> <span class='ocrx_word' id='word_1_28' title='bbox 1362 1087 1439 1169; x_wconf 90' lang='lat' dir='ltr'>Joh.</span> <span class='ocrx_word' id='word_1_29' title='bbox 1465 1087 1508 1150; x_wconf 90' lang='lat' dir='ltr'>de</span> <span class='ocrx_word' id='word_1_30' title='bbox 1594 1062 1634 1111; x_wconf 43' lang='grc' dir='ltr'>μ’</span> <span class='ocrx_word' id='word_1_31' title='bbox 1652 1061 1674 1095; x_wconf 74' lang='lat'>²¹</span> 
     </span>
     <span class='ocr_line' id='line_1_5' title="bbox 403 1190 1506 1268; baseline -0.005 -8"><span class='ocrx_word' id='word_1_32' title='bbox 403 1196 560 1262; x_wconf 80' lang='lat' dir='ltr'>Fullorth</span> <span class='ocrx_word' id='word_1_33' title='bbox 587 1247 593 1260; x_wconf 92' lang='lat'>.</span> <span class='ocrx_word' id='word_1_34' title='bbox 622 1247 628 1259; x_wconf 91' lang='lat'><em>.</em></span> <span class='ocrx_word' id='word_1_35' title='bbox 656 1200 839 1259; x_wconf 87' lang='lat' dir='ltr'>vacantem</span> <span class='ocrx_word' id='word_1_36' title='bbox 866 1246 872 1257; x_wconf 93' lang='lat'>.</span> <span class='ocrx_word' id='word_1_37' title='bbox 902 1246 907 1258; x_wconf 94' lang='lat'>.</span> <span class='ocrx_word' id='word_1_38' title='bbox 935 1192 1146 1267; x_wconf 89' lang='lat' dir='ltr'>admisimus,</span> <span class='ocrx_word' id='word_1_39' title='bbox 1170 1198 1237 1268; x_wconf 62' lang='lat' dir='ltr'>etc„</span> <span class='ocrx_word' id='word_1_40' title='bbox 1263 1212 1300 1256; x_wconf 83' lang='lat' dir='ltr'>as</span> <span class='ocrx_word' id='word_1_41' title='bbox 1323 1190 1361 1254; x_wconf 81' lang='lat' dir='ltr'>in</span> <span class='ocrx_word' id='word_1_42' title='bbox 1385 1190 1449 1255; x_wconf 89' lang='lat' dir='ltr'>No.</span> <span class='ocrx_word' id='word_1_43' title='bbox 1476 1209 1506 1255; x_wconf 85' lang='lat'>2.</span> 
     </span>
    </p>
   </div>
   <div class='ocr_carea' id='block_1_4' title="bbox 404 1298 1510 1614">
    <p class='ocr_par' dir='ltr' id='par_1_4' title="bbox 404 1298 1510 1614">
     <span class='ocr_line' id='line_1_6' title="bbox 404 1298 653 1384; baseline -0.004 -20"><span class='ocrx_word' id='word_1_44' title='bbox 404 1318 422 1364; x_wconf 87' lang='lat'>2</span> <span class='ocrx_word' id='word_1_45' title='bbox 440 1298 536 1384; x_wconf 78' lang='lat' dir='ltr'>Apr,</span> <span class='ocrx_word' id='word_1_46' title='bbox 559 1317 653 1382; x_wconf 79' lang='lat'>1399.</span> 
     </span>
     <span class='ocr_line' id='line_1_7' title="bbox 405 1425 1510 1513; baseline -0.004 -21"><span class='ocrx_word' id='word_1_47' title='bbox 405 1430 491 1513; x_wconf 73' lang='lat'>(259)</span> <span class='ocrx_word' id='word_1_48' title='bbox 528 1428 642 1510; x_wconf 90' lang='lat' dir='ltr'>(Form</span> <span class='ocrx_word' id='word_1_49' title='bbox 659 1427 695 1491; x_wconf 87' lang='lat' dir='ltr'>of</span> <span class='ocrx_word' id='word_1_50' title='bbox 710 1427 812 1491; x_wconf 87' lang='lat' dir='ltr'>letter</span> <span class='ocrx_word' id='word_1_51' title='bbox 827 1427 1023 1512; x_wconf 88' lang='lat' dir='ltr'>presenting</span> <span class='ocrx_word' id='word_1_52' title='bbox 1040 1448 1083 1490; x_wconf 93' lang='lat' dir='ltr'>an</span> <span class='ocrx_word' id='word_1_53' title='bbox 1100 1427 1235 1510; x_wconf 91' lang='lat' dir='ltr'>acolyte</span> <span class='ocrx_word' id='word_1_54' title='bbox 1252 1433 1289 1490; x_wconf 87' lang='lat' dir='ltr'>to</span> <span class='ocrx_word' id='word_1_55' title='bbox 1305 1427 1364 1490; x_wconf 91' lang='lat' dir='ltr'>the</span> <span class='ocrx_word' id='word_1_56' title='bbox 1381 1425 1510 1509; x_wconf 91' lang='lat' dir='ltr'>Bishop</span> 
     </span>
     <span class='ocr_line' id='line_1_8' title="bbox 445 1531 974 1614; baseline -0.004 -16"><span class='ocrx_word' id='word_1_57' title='bbox 445 1533 481 1598; x_wconf 82' lang='lat' dir='ltr'>oi</span> <span class='ocrx_word' id='word_1_58' title='bbox 497 1533 654 1597; x_wconf 88' lang='lat' dir='ltr'>Durham</span> <span class='ocrx_word' id='word_1_59' title='bbox 678 1533 731 1596; x_wconf 87' lang='lat' dir='ltr'>for</span> <span class='ocrx_word' id='word_1_60' title='bbox 754 1531 974 1614; x_wconf 78' lang='lat' dir='ltr'>ordination).</span> 
     </span>
    </p>
   </div>
   <div class='ocr_carea' id='block_1_5' title="bbox 402 1646 1700 3086">
    <p class='ocr_par' dir='ltr' id='par_1_5' title="bbox 488 1646 1661 1732">
     <span class='ocr_line' id='line_1_9' title="bbox 488 1646 1661 1732; baseline -0.003 -18"><span class='ocrx_word' id='word_1_61' title='bbox 488 1649 682 1715; x_wconf 82' lang='lat' dir='ltr'>Venerabili</span> <span class='ocrx_word' id='word_1_62' title='bbox 704 1649 740 1713; x_wconf 93' lang='lat' dir='ltr'>in</span> <span class='ocrx_word' id='word_1_63' title='bbox 762 1669 831 1732; x_wconf 84' lang='lat' dir='ltr'>xpo</span> <span class='ocrx_word' id='word_1_64' title='bbox 854 1648 945 1732; x_wconf 93' lang='lat' dir='ltr'>patri</span> <span class='ocrx_word' id='word_1_65' title='bbox 968 1654 1003 1711; x_wconf 90' lang='lat' dir='ltr'>et</span> <span class='ocrx_word' id='word_1_66' title='bbox 1026 1647 1118 1722; x_wconf 90' lang='lat' dir='ltr'>d’n0,</span> <span class='ocrx_word' id='word_1_67' title='bbox 1142 1647 1225 1711; x_wconf 90' lang='lat' dir='ltr'>d’no</span> <span class='ocrx_word' id='word_1_68' title='bbox 1246 1647 1284 1712; x_wconf 91' lang='lat' dir='ltr'>T.</span> <span class='ocrx_word' id='word_1_69' title='bbox 1309 1647 1373 1711; x_wconf 90' lang='lat' dir='ltr'>Dei</span> <span class='ocrx_word' id='word_1_70' title='bbox 1395 1646 1508 1732; x_wconf 84' lang='lat' dir='ltr'>gracia</span> <span class='ocrx_word' id='word_1_71' title='bbox 1586 1671 1661 1716; x_wconf 85' lang='lat'>1407.</span> 
     </span>
    </p>

    <p class='ocr_par' dir='ltr' id='par_1_6' title="bbox 402 1724 1700 3086">
     <span class='ocr_line' id='line_1_10' title="bbox 404 1724 1700 1854; baseline -0.004 -36"><span class='ocrx_word' id='word_1_72' title='bbox 404 1754 624 1818; x_wconf 91' lang='lat' dir='ltr'>Dunelmensi</span> <span class='ocrx_word' id='word_1_73' title='bbox 648 1754 735 1837; x_wconf 91' lang='lat' dir='ltr'>ep&#39;0‚</span> <span class='ocrx_word' id='word_1_74' title='bbox 759 1754 812 1817; x_wconf 89' lang='lat' dir='ltr'>sui</span> <span class='ocrx_word' id='word_1_75' title='bbox 837 1752 981 1816; x_wconf 88' lang='lat' dir='ltr'>humiles</span> <span class='ocrx_word' id='word_1_76' title='bbox 1005 1758 1039 1815; x_wconf 88' lang='lat' dir='ltr'>et</span> <span class='ocrx_word' id='word_1_77' title='bbox 1064 1751 1180 1816; x_wconf 90' lang='lat' dir='ltr'>deuoti</span> <span class='ocrx_word' id='word_1_78' title='bbox 1206 1752 1403 1834; x_wconf 85' lang='lat' dir='ltr'>Capitulum</span> <span class='ocrx_word' id='word_1_79' title='bbox 1427 1750 1505 1815; x_wconf 90' lang='lat' dir='ltr'>eccl.</span> <span class='ocrx_word' id='word_1_80' title='bbox 1523 1724 1700 1854; x_wconf 44' lang='lat' dir='ltr'>uilfridi&amp;</span> 
     </span>
     <span class='ocr_line' id='line_1_11' title="bbox 403 1855 1506 1942; baseline -0.004 -20"><span class='ocrx_word' id='word_1_81' title='bbox 403 1858 483 1923; x_wconf 91' lang='lat' dir='ltr'>Coll.</span> <span class='ocrx_word' id='word_1_82' title='bbox 507 1858 656 1942; x_wconf 91' lang='lat' dir='ltr'>Rypon&#39;,</span> <span class='ocrx_word' id='word_1_83' title='bbox 678 1857 889 1922; x_wconf 89' lang='lat' dir='ltr'>reuerencias</span> <span class='ocrx_word' id='word_1_84' title='bbox 909 1863 943 1920; x_wconf 92' lang='lat' dir='ltr'>et</span> <span class='ocrx_word' id='word_1_85' title='bbox 964 1856 1109 1920; x_wconf 84' lang='lat' dir='ltr'>honores</span> <span class='ocrx_word' id='word_1_86' title='bbox 1129 1855 1264 1920; x_wconf 91' lang='lat' dir='ltr'>debitos</span> <span class='ocrx_word' id='word_1_87' title='bbox 1284 1862 1384 1920; x_wconf 90' lang='lat' dir='ltr'>tanto</span> <span class='ocrx_word' id='word_1_88' title='bbox 1404 1856 1506 1939; x_wconf 88' lang='lat' dir='ltr'>patri,</span> 
     </span>
     <span class='ocr_line' id='line_1_12' title="bbox 403 1959 1505 2034; baseline -0.002 -9"><span class='ocrx_word' id='word_1_89' title='bbox 403 1962 454 2027; x_wconf 90' lang='lat' dir='ltr'>W.</span> <span class='ocrx_word' id='word_1_90' title='bbox 468 1962 511 2026; x_wconf 95' lang='lat' dir='ltr'>de</span> <span class='ocrx_word' id='word_1_91' title='bbox 525 1963 564 2026; x_wconf 91' lang='lat' dir='ltr'>B.</span> <span class='ocrx_word' id='word_1_92' title='bbox 579 1962 763 2026; x_wconf 91' lang='lat' dir='ltr'>accolitum</span> <span class='ocrx_word' id='word_1_93' title='bbox 773 1966 930 2025; x_wconf 90' lang='lat' dir='ltr'>nostrum</span> <span class='ocrx_word' id='word_1_94' title='bbox 940 1960 1030 2024; x_wconf 87' lang='lat' dir='ltr'>inter</span> <span class='ocrx_word' id='word_1_95' title='bbox 1039 1981 1101 2023; x_wconf 93' lang='lat' dir='ltr'>nos</span> <span class='ocrx_word' id='word_1_96' title='bbox 1112 1959 1244 2024; x_wconf 87' lang='lat' dir='ltr'>diucius</span> <span class='ocrx_word' id='word_1_97' title='bbox 1254 1966 1505 2034; x_wconf 90' lang='lat' dir='ltr'>conuersatum,</span> 
     </span>
     <span class='ocr_line' id='line_1_13' title="bbox 404 2064 1508 2151; baseline -0.001 -22"><span class='ocrx_word' id='word_1_98' title='bbox 404 2066 581 2151; x_wconf 84' lang='lat' dir='ltr'>diligenter</span> <span class='ocrx_word' id='word_1_99' title='bbox 601 2086 703 2149; x_wconf 91' lang='lat' dir='ltr'>super</span> <span class='ocrx_word' id='word_1_100' title='bbox 722 2066 807 2140; x_wconf 89' lang='lat' dir='ltr'>vita,</span> <span class='ocrx_word' id='word_1_101' title='bbox 830 2064 1020 2139; x_wconf 87' lang='lat' dir='ltr'>literatura,</span> <span class='ocrx_word' id='word_1_102' title='bbox 1043 2071 1077 2127; x_wconf 92' lang='lat' dir='ltr'>et</span> <span class='ocrx_word' id='word_1_103' title='bbox 1099 2066 1251 2129; x_wconf 89' lang='lat' dir='ltr'>moribus</span> <span class='ocrx_word' id='word_1_104' title='bbox 1271 2065 1508 2128; x_wconf 88' lang='lat' dir='ltr'>examinatum</span> 
     </span>
     <span class='ocr_line' id='line_1_14' title="bbox 403 2169 1507 2254; baseline -0.003 -20"><span class='ocrx_word' id='word_1_105' title='bbox 403 2177 436 2234; x_wconf 87' lang='lat' dir='ltr'>et</span> <span class='ocrx_word' id='word_1_106' title='bbox 465 2172 661 2254; x_wconf 90' lang='lat' dir='ltr'>probatum,</span> <span class='ocrx_word' id='word_1_107' title='bbox 694 2169 896 2252; x_wconf 87' lang='lat' dir='ltr'>paternitati</span> <span class='ocrx_word' id='word_1_108' title='bbox 926 2175 1039 2232; x_wconf 90' lang='lat' dir='ltr'>vestre</span> <span class='ocrx_word' id='word_1_109' title='bbox 1069 2175 1316 2252; x_wconf 86' lang='lat' dir='ltr'>presentamus,</span> <span class='ocrx_word' id='word_1_110' title='bbox 1348 2175 1507 2253; x_wconf 86' lang='lat' dir='ltr'>rogantes</span> 
     </span>
     <span class='ocr_line' id='line_1_15' title="bbox 403 2273 1507 2358; baseline -0.003 -19"><span class='ocrx_word' id='word_1_111' title='bbox 403 2275 572 2339; x_wconf 86' lang='lat' dir='ltr'>attencius</span> <span class='ocrx_word' id='word_1_112' title='bbox 590 2280 624 2337; x_wconf 87' lang='lat' dir='ltr'>et</span> <span class='ocrx_word' id='word_1_113' title='bbox 642 2274 767 2338; x_wconf 91' lang='lat' dir='ltr'>deuote</span> <span class='ocrx_word' id='word_1_114' title='bbox 785 2279 956 2358; x_wconf 88' lang='lat' dir='ltr'>quatenus</span> <span class='ocrx_word' id='word_1_115' title='bbox 974 2273 1107 2337; x_wconf 92' lang='lat' dir='ltr'>dictum</span> <span class='ocrx_word' id='word_1_116' title='bbox 1125 2274 1284 2337; x_wconf 91' lang='lat' dir='ltr'>clericum</span> <span class='ocrx_word' id='word_1_117' title='bbox 1302 2273 1346 2337; x_wconf 92' lang='lat' dir='ltr'>ad</span> <span class='ocrx_word' id='word_1_118' title='bbox 1365 2273 1507 2336; x_wconf 92' lang='lat' dir='ltr'>titulum</span> 
     </span>
     <span class='ocr_line' id='line_1_16' title="bbox 404 2376 1507 2462; baseline -0.002 -20"><span class='ocrx_word' id='word_1_119' title='bbox 404 2386 435 2442; x_wconf 93' lang='lat' dir='ltr'>et</span> <span class='ocrx_word' id='word_1_120' title='bbox 461 2379 753 2462; x_wconf 90' lang='lat' dir='ltr'>presentacionem</span> <span class='ocrx_word' id='word_1_121' title='bbox 779 2384 933 2441; x_wconf 89' lang='lat' dir='ltr'>nostram</span> <span class='ocrx_word' id='word_1_122' title='bbox 959 2376 1004 2441; x_wconf 93' lang='lat' dir='ltr'>ad</span> <span class='ocrx_word' id='word_1_123' title='bbox 1029 2398 1146 2441; x_wconf 91' lang='lat' dir='ltr'>omnes</span> <span class='ocrx_word' id='word_1_124' title='bbox 1171 2378 1348 2441; x_wconf 89' lang='lat' dir='ltr'>vlteriores</span> <span class='ocrx_word' id='word_1_125' title='bbox 1373 2377 1507 2441; x_wconf 93' lang='lat' dir='ltr'>ordines</span> 
     </span>
     <span class='ocr_line' id='line_1_17' title="bbox 404 2481 1507 2567; baseline -0.002 -21"><span class='ocrx_word' id='word_1_126' title='bbox 404 2503 463 2566; x_wconf 90' lang='lat' dir='ltr'>pro</span> <span class='ocrx_word' id='word_1_127' title='bbox 485 2489 525 2546; x_wconf 94' lang='lat' dir='ltr'>vt</span> <span class='ocrx_word' id='word_1_128' title='bbox 546 2482 672 2567; x_wconf 87' lang='lat' dir='ltr'>gradus</span> <span class='ocrx_word' id='word_1_129' title='bbox 694 2482 799 2565; x_wconf 91' lang='lat' dir='ltr'>ipsius</span> <span class='ocrx_word' id='word_1_130' title='bbox 821 2481 926 2566; x_wconf 85' lang='lat' dir='ltr'>exigit</span> <span class='ocrx_word' id='word_1_131' title='bbox 949 2487 983 2544; x_wconf 90' lang='lat' dir='ltr'>et</span> <span class='ocrx_word' id='word_1_132' title='bbox 1007 2481 1147 2566; x_wconf 90' lang='lat' dir='ltr'>requirit</span> <span class='ocrx_word' id='word_1_133' title='bbox 1170 2502 1230 2565; x_wconf 92' lang='lat' dir='ltr'>per</span> <span class='ocrx_word' id='word_1_134' title='bbox 1251 2481 1507 2564; x_wconf 92' lang='lat' dir='ltr'>imposicionem</span> 
     </span>
     <span class='ocr_line' id='line_1_18' title="bbox 404 2586 1507 2669; baseline 0 -20"><span class='ocrx_word' id='word_1_135' title='bbox 404 2593 594 2651; x_wconf 87' lang='lat' dir='ltr'>vestrarum</span> <span class='ocrx_word' id='word_1_136' title='bbox 620 2607 794 2650; x_wconf 87' lang='lat' dir='ltr'>sacrarum</span> <span class='ocrx_word' id='word_1_137' title='bbox 820 2606 986 2649; x_wconf 92' lang='lat' dir='ltr'>manuum</span> <span class='ocrx_word' id='word_1_138' title='bbox 1013 2606 1213 2669; x_wconf 90' lang='lat' dir='ltr'>promouere</span> <span class='ocrx_word' id='word_1_139' title='bbox 1239 2586 1352 2650; x_wconf 88' lang='lat' dir='ltr'>velitis</span> <span class='ocrx_word' id='word_1_140' title='bbox 1377 2586 1507 2649; x_wconf 90' lang='lat' dir='ltr'>intuitu</span> 
     </span>
     <span class='ocr_line' id='line_1_19' title="bbox 404 2690 1507 2773; baseline -0.002 -19"><span class='ocrx_word' id='word_1_141' title='bbox 404 2691 565 2755; x_wconf 87' lang='lat' dir='ltr'>caritatis.</span> <span class='ocrx_word' id='word_1_142' title='bbox 613 2690 735 2755; x_wconf 91' lang='lat' dir='ltr'>Valeat</span> <span class='ocrx_word' id='word_1_143' title='bbox 758 2690 948 2773; x_wconf 90' lang='lat' dir='ltr'>paternitas</span> <span class='ocrx_word' id='word_1_144' title='bbox 971 2696 1087 2754; x_wconf 89' lang='lat' dir='ltr'>vestra</span> <span class='ocrx_word' id='word_1_145' title='bbox 1109 2711 1169 2773; x_wconf 93' lang='lat' dir='ltr'>per</span> <span class='ocrx_word' id='word_1_146' title='bbox 1190 2697 1347 2773; x_wconf 90' lang='lat' dir='ltr'>tempora</span> <span class='ocrx_word' id='word_1_147' title='bbox 1369 2691 1403 2754; x_wconf 93' lang='lat' dir='ltr'>in</span> <span class='ocrx_word' id='word_1_148' title='bbox 1426 2690 1507 2753; x_wconf 89' lang='lat' dir='ltr'>d&#39;no</span> 
     </span>
     <span class='ocr_line' id='line_1_20' title="bbox 403 2795 1504 2879; baseline 0.002 -21"><span class='ocrx_word' id='word_1_149' title='bbox 403 2795 543 2860; x_wconf 87' lang='lat' dir='ltr'>feliciter</span> <span class='ocrx_word' id='word_1_150' title='bbox 558 2795 759 2860; x_wconf 92' lang='lat' dir='ltr'>successiua.</span> <span class='ocrx_word' id='word_1_151' title='bbox 808 2795 848 2858; x_wconf 96' lang='lat' dir='ltr'>ln</span> <span class='ocrx_word' id='word_1_152' title='bbox 866 2815 893 2858; x_wconf 90' lang='lat' dir='ltr'>c.</span> <span class='ocrx_word' id='word_1_153' title='bbox 913 2814 937 2858; x_wconf 91' lang='lat' dir='ltr'>r.</span> <span class='ocrx_word' id='word_1_154' title='bbox 957 2799 981 2859; x_wconf 93' lang='lat' dir='ltr'>t.</span> <span class='ocrx_word' id='word_1_155' title='bbox 1001 2795 1060 2879; x_wconf 93' lang='lat' dir='ltr'>sig.</span> <span class='ocrx_word' id='word_1_156' title='bbox 1079 2817 1112 2859; x_wconf 90' lang='lat' dir='ltr'>n.</span> <span class='ocrx_word' id='word_1_157' title='bbox 1131 2816 1217 2879; x_wconf 90' lang='lat' dir='ltr'>pres.</span> <span class='ocrx_word' id='word_1_158' title='bbox 1236 2800 1287 2859; x_wconf 90' lang='lat' dir='ltr'>est</span> <span class='ocrx_word' id='word_1_159' title='bbox 1304 2816 1504 2879; x_wconf 88' lang='lat' dir='ltr'>appensum.</span> 
     </span>
     <span class='ocr_line' id='line_1_21' title="bbox 404 2898 1504 2983; baseline 0 -19"><span class='ocrx_word' id='word_1_160' title='bbox 404 2900 481 2965; x_wconf 90' lang='lat' dir='ltr'>Dat.</span> <span class='ocrx_word' id='word_1_161' title='bbox 499 2901 535 2964; x_wconf 92' lang='lat' dir='ltr'>in</span> <span class='ocrx_word' id='word_1_162' title='bbox 551 2900 655 2965; x_wconf 91' lang='lat' dir='ltr'>domo</span> <span class='ocrx_word' id='word_1_163' title='bbox 670 2900 745 2964; x_wconf 89' lang='lat' dir='ltr'>n&#39;ra</span> <span class='ocrx_word' id='word_1_164' title='bbox 761 2899 949 2983; x_wconf 86' lang='lat' dir='ltr'>Capitulari</span> <span class='ocrx_word' id='word_1_165' title='bbox 966 2899 1099 2963; x_wconf 89' lang='lat' dir='ltr'>decimo</span> <span class='ocrx_word' id='word_1_166' title='bbox 1115 2898 1169 2963; x_wconf 92' lang='lat' dir='ltr'>die</span> <span class='ocrx_word' id='word_1_167' title='bbox 1185 2901 1310 2964; x_wconf 89' lang='lat' dir='ltr'>mensis</span> <span class='ocrx_word' id='word_1_168' title='bbox 1327 2901 1504 2965; x_wconf 90' lang='lat' dir='ltr'>Decembr.</span> 
     </span>
     <span class='ocr_line' id='line_1_22' title="bbox 402 3004 1073 3086; baseline -0.001 -18"><span class='ocrx_word' id='word_1_169' title='bbox 402 3004 500 3068; x_wconf 86' lang='lat' dir='ltr'>Anno</span> <span class='ocrx_word' id='word_1_170' title='bbox 520 3004 602 3068; x_wconf 89' lang='lat' dir='ltr'>D&#39;ni</span> <span class='ocrx_word' id='word_1_171' title='bbox 622 3004 764 3068; x_wconf 90' lang='lat' dir='ltr'>Mill&#39;mo</span> <span class='ocrx_word' id='word_1_172' title='bbox 783 3012 897 3068; x_wconf 68' lang='lat' dir='ltr'>ccccm⁰</span> <span class='ocrx_word' id='word_1_173' title='bbox 916 3004 1073 3086; x_wconf 79' lang='lat' dir='ltr'>septimo,</span> 
     </span>
    </p>
   </div>
   <div class='ocr_carea' id='block_1_6' title="bbox 403 3132 1511 4985">
    <p class='ocr_par' dir='ltr' id='par_1_7' title="bbox 405 3132 1509 3218">
     <span class='ocr_line' id='line_1_23' title="bbox 405 3132 1509 3218; baseline 0 -20"><span class='ocrx_word' id='word_1_174' title='bbox 405 3132 490 3218; x_wconf 84' lang='lat'>(260)</span> <span class='ocrx_word' id='word_1_175' title='bbox 514 3133 629 3216; x_wconf 83' lang='lat' dir='ltr'>(Form</span> <span class='ocrx_word' id='word_1_176' title='bbox 646 3132 681 3195; x_wconf 83' lang='lat' dir='ltr'>ol</span> <span class='ocrx_word' id='word_1_177' title='bbox 704 3132 833 3197; x_wconf 91' lang='lat' dir='ltr'>similar</span> <span class='ocrx_word' id='word_1_178' title='bbox 849 3133 951 3197; x_wconf 89' lang='lat' dir='ltr'>letter</span> <span class='ocrx_word' id='word_1_179' title='bbox 968 3139 1005 3196; x_wconf 94' lang='lat' dir='ltr'>to</span> <span class='ocrx_word' id='word_1_180' title='bbox 1024 3134 1082 3196; x_wconf 90' lang='lat' dir='ltr'>the</span> <span class='ocrx_word' id='word_1_181' title='bbox 1100 3133 1249 3217; x_wconf 87' lang='lat' dir='ltr'>Chapter</span> <span class='ocrx_word' id='word_1_182' title='bbox 1266 3135 1301 3198; x_wconf 88' lang='lat' dir='ltr'>of</span> <span class='ocrx_word' id='word_1_183' title='bbox 1325 3136 1420 3198; x_wconf 89' lang='lat' dir='ltr'>York</span> <span class='ocrx_word' id='word_1_184' title='bbox 1437 3135 1509 3198; x_wconf 79' lang='lat' dir='ltr'>sede</span> 
     </span>
    </p>

    <p class='ocr_par' dir='ltr' id='par_1_8' title="bbox 403 3239 1511 4985">
     <span class='ocr_line' id='line_1_24' title="bbox 445 3239 1228 3322; baseline -0.003 -20"><span class='ocrx_word' id='word_1_185' title='bbox 445 3239 602 3322; x_wconf 78' lang='lat' dir='ltr'>vacante).</span> <span class='ocrx_word' id='word_1_186' title='bbox 1226 3295 1228 3300; x_wconf 90' lang='lat'><em>.</em></span> 
     </span>
     <span class='ocr_line' id='line_1_25' title="bbox 488 3341 1507 3425; baseline 0.003 -20"><span class='ocrx_word' id='word_1_187' title='bbox 488 3341 748 3406; x_wconf 90' lang='lat' dir='ltr'>Venerabilibus</span> <span class='ocrx_word' id='word_1_188' title='bbox 780 3342 861 3405; x_wconf 92' lang='lat' dir='ltr'>viris</span> <span class='ocrx_word' id='word_1_189' title='bbox 893 3341 1054 3425; x_wconf 92' lang='lat' dir='ltr'>Capitulo</span> <span class='ocrx_word' id='word_1_190' title='bbox 1086 3343 1164 3406; x_wconf 89' lang='lat' dir='ltr'>eccl.</span> <span class='ocrx_word' id='word_1_191' title='bbox 1198 3343 1246 3406; x_wconf 91' lang='lat' dir='ltr'>b’i</span> <span class='ocrx_word' id='word_1_192' title='bbox 1279 3344 1371 3407; x_wconf 89' lang='lat' dir='ltr'>Petri</span> <span class='ocrx_word' id='word_1_193' title='bbox 1404 3344 1507 3409; x_wconf 89' lang='lat' dir='ltr'>Ebor.</span> 
     </span>
     <span class='ocr_line' id='line_1_26' title="bbox 404 3444 1509 3532; baseline 0.002 -23"><span class='ocrx_word' id='word_1_194' title='bbox 404 3445 540 3510; x_wconf 88' lang='lat' dir='ltr'>Decano</span> <span class='ocrx_word' id='word_1_195' title='bbox 554 3444 706 3509; x_wconf 89' lang='lat' dir='ltr'>eiusdem</span> <span class='ocrx_word' id='word_1_196' title='bbox 720 3446 754 3508; x_wconf 94' lang='lat' dir='ltr'>in</span> <span class='ocrx_word' id='word_1_197' title='bbox 770 3446 909 3509; x_wconf 91' lang='lat' dir='ltr'>remotis</span> <span class='ocrx_word' id='word_1_198' title='bbox 924 3452 1057 3530; x_wconf 90' lang='lat' dir='ltr'>agente,</span> <span class='ocrx_word' id='word_1_199' title='bbox 1074 3467 1113 3510; x_wconf 91' lang='lat' dir='ltr'>ac</span> <span class='ocrx_word' id='word_1_200' title='bbox 1127 3447 1206 3510; x_wconf 92' lang='lat' dir='ltr'>sede</span> <span class='ocrx_word' id='word_1_201' title='bbox 1220 3447 1509 3532; x_wconf 87' lang='lat' dir='ltr'>Archiepiscopali</span> 
     </span>
     <span class='ocr_line' id='line_1_27' title="bbox 403 3549 1506 3635; baseline 0.004 -22"><span class='ocrx_word' id='word_1_202' title='bbox 403 3550 553 3614; x_wconf 90' lang='lat' dir='ltr'>eiusdem</span> <span class='ocrx_word' id='word_1_203' title='bbox 569 3555 726 3624; x_wconf 88' lang='lat' dir='ltr'>vacante,</span> <span class='ocrx_word' id='word_1_204' title='bbox 744 3550 849 3613; x_wconf 90' lang='lat' dir='ltr'>vestri</span> <span class='ocrx_word' id='word_1_205' title='bbox 866 3550 1011 3613; x_wconf 89' lang='lat' dir='ltr'>humiles</span> <span class='ocrx_word' id='word_1_206' title='bbox 1028 3556 1062 3614; x_wconf 89' lang='lat' dir='ltr'>et</span> <span class='ocrx_word' id='word_1_207' title='bbox 1079 3549 1196 3614; x_wconf 91' lang='lat' dir='ltr'>deuoti</span> <span class='ocrx_word' id='word_1_208' title='bbox 1213 3551 1411 3635; x_wconf 90' lang='lat' dir='ltr'>Capitulum</span> <span class='ocrx_word' id='word_1_209' title='bbox 1427 3553 1506 3618; x_wconf 91' lang='lat' dir='ltr'>eccl.</span> 
     </span>
     <span class='ocr_line' id='line_1_28' title="bbox 404 3652 1509 3738; baseline 0.004 -21"><span class='ocrx_word' id='word_1_210' title='bbox 404 3652 524 3738; x_wconf 90' lang='lat' dir='ltr'>Colleg.</span> <span class='ocrx_word' id='word_1_211' title='bbox 563 3653 699 3736; x_wconf 85' lang='lat' dir='ltr'>Ripon&#39;,</span> <span class='ocrx_word' id='word_1_212' title='bbox 736 3653 980 3728; x_wconf 89' lang='lat' dir='ltr'>obedienciam,</span> <span class='ocrx_word' id='word_1_213' title='bbox 1017 3656 1258 3731; x_wconf 88' lang='lat' dir='ltr'>reuerenciam,</span> <span class='ocrx_word' id='word_1_214' title='bbox 1295 3663 1329 3720; x_wconf 90' lang='lat' dir='ltr'>et</span> <span class='ocrx_word' id='word_1_215' title='bbox 1364 3657 1509 3721; x_wconf 91' lang='lat' dir='ltr'>honores</span> 
     </span>
     <span class='ocr_line' id='line_1_29' title="bbox 403 3756 1509 3844; baseline 0.007 -24"><span class='ocrx_word' id='word_1_216' title='bbox 403 3756 536 3821; x_wconf 92' lang='lat' dir='ltr'>debitos</span> <span class='ocrx_word' id='word_1_217' title='bbox 568 3758 675 3821; x_wconf 87' lang='lat' dir='ltr'>tantis</span> <span class='ocrx_word' id='word_1_218' title='bbox 706 3757 798 3832; x_wconf 76' lang='lat' dir='ltr'>viriS,</span> <span class='ocrx_word' id='word_1_219' title='bbox 831 3758 996 3822; x_wconf 91' lang='lat' dir='ltr'>dilectum</span> <span class='ocrx_word' id='word_1_220' title='bbox 1027 3765 1184 3823; x_wconf 93' lang='lat' dir='ltr'>nostrum</span> <span class='ocrx_word' id='word_1_221' title='bbox 1215 3760 1249 3823; x_wconf 90' lang='lat' dir='ltr'>in</span> <span class='ocrx_word' id='word_1_222' title='bbox 1282 3782 1350 3844; x_wconf 87' lang='lat' dir='ltr'>xpo</span> <span class='ocrx_word' id='word_1_223' title='bbox 1381 3762 1509 3828; x_wconf 91' lang='lat' dir='ltr'>Will’m</span> 
     </span>
     <span class='ocr_line' id='line_1_30' title="bbox 404 3860 1509 3937; baseline 0.006 -12"><span class='ocrx_word' id='word_1_224' title='bbox 404 3860 576 3937; x_wconf 88' lang='lat' dir='ltr'>Marchall,</span> <span class='ocrx_word' id='word_1_225' title='bbox 600 3862 794 3937; x_wconf 89' lang='lat' dir='ltr'>accolitum,</span> <span class='ocrx_word' id='word_1_226' title='bbox 819 3862 977 3926; x_wconf 90' lang='lat' dir='ltr'>clericum</span> <span class='ocrx_word' id='word_1_227' title='bbox 1002 3868 1157 3927; x_wconf 90' lang='lat' dir='ltr'>nostrum</span> <span class='ocrx_word' id='word_1_228' title='bbox 1180 3864 1269 3927; x_wconf 89' lang='lat' dir='ltr'>inter</span> <span class='ocrx_word' id='word_1_229' title='bbox 1291 3886 1353 3930; x_wconf 93' lang='lat' dir='ltr'>nos</span> <span class='ocrx_word' id='word_1_230' title='bbox 1376 3866 1509 3932; x_wconf 91' lang='lat' dir='ltr'>diucius</span> 
     </span>
     <span class='ocr_line' id='line_1_31' title="bbox 404 3966 1509 4050; baseline 0.007 -21"><span class='ocrx_word' id='word_1_231' title='bbox 404 3972 654 4040; x_wconf 91' lang='lat' dir='ltr'>conuersatum,</span> <span class='ocrx_word' id='word_1_232' title='bbox 676 3966 856 4050; x_wconf 89' lang='lat' dir='ltr'>diligenter</span> <span class='ocrx_word' id='word_1_233' title='bbox 875 3986 977 4049; x_wconf 92' lang='lat' dir='ltr'>super</span> <span class='ocrx_word' id='word_1_234' title='bbox 992 3966 1077 4041; x_wconf 90' lang='lat' dir='ltr'>vita,</span> <span class='ocrx_word' id='word_1_235' title='bbox 1094 3967 1283 4044; x_wconf 88' lang='lat' dir='ltr'>literatura,</span> <span class='ocrx_word' id='word_1_236' title='bbox 1301 3976 1335 4033; x_wconf 88' lang='lat' dir='ltr'>et</span> <span class='ocrx_word' id='word_1_237' title='bbox 1356 3973 1509 4037; x_wconf 90' lang='lat' dir='ltr'>moribus</span> 
     </span>
     <span class='ocr_line' id='line_1_32' title="bbox 404 4070 1509 4159; baseline 0.008 -27"><span class='ocrx_word' id='word_1_238' title='bbox 404 4070 639 4133; x_wconf 87' lang='lat' dir='ltr'>examinatum</span> <span class='ocrx_word' id='word_1_239' title='bbox 662 4076 695 4133; x_wconf 88' lang='lat' dir='ltr'>et</span> <span class='ocrx_word' id='word_1_240' title='bbox 719 4071 961 4153; x_wconf 90' lang='lat' dir='ltr'>approbatum,</span> <span class='ocrx_word' id='word_1_241' title='bbox 986 4070 1216 4135; x_wconf 89' lang='lat' dir='ltr'>dominacioni</span> <span class='ocrx_word' id='word_1_242' title='bbox 1238 4080 1351 4138; x_wconf 87' lang='lat' dir='ltr'>vestre</span> <span class='ocrx_word' id='word_1_243' title='bbox 1374 4096 1509 4159; x_wconf 85' lang='lat' dir='ltr'>presen-</span> 
     </span>
     <span class='ocr_line' id='line_1_33' title="bbox 404 4175 1509 4260; baseline 0.009 -24"><span class='ocrx_word' id='word_1_244' title='bbox 404 4179 492 4249; x_wconf 87' lang='lat' dir='ltr'>tant,</span> <span class='ocrx_word' id='word_1_245' title='bbox 531 4180 689 4258; x_wconf 87' lang='lat' dir='ltr'>rogantes</span> <span class='ocrx_word' id='word_1_246' title='bbox 727 4175 897 4238; x_wconf 90' lang='lat' dir='ltr'>attencius</span> <span class='ocrx_word' id='word_1_247' title='bbox 935 4181 969 4238; x_wconf 90' lang='lat' dir='ltr'>et</span> <span class='ocrx_word' id='word_1_248' title='bbox 1008 4175 1132 4238; x_wconf 82' lang='lat' dir='ltr'>deuote</span> <span class='ocrx_word' id='word_1_249' title='bbox 1168 4183 1340 4260; x_wconf 88' lang='lat' dir='ltr'>quatenus</span> <span class='ocrx_word' id='word_1_250' title='bbox 1377 4179 1509 4245; x_wconf 94' lang='lat' dir='ltr'>dictum</span> 
     </span>
     <span class='ocr_line' id='line_1_34' title="bbox 404 4278 1510 4362; baseline 0.007 -21"><span class='ocrx_word' id='word_1_251' title='bbox 404 4278 562 4361; x_wconf 88' lang='lat' dir='ltr'>clericum</span> <span class='ocrx_word' id='word_1_252' title='bbox 579 4278 623 4341; x_wconf 90' lang='lat' dir='ltr'>ad</span> <span class='ocrx_word' id='word_1_253' title='bbox 640 4278 782 4342; x_wconf 92' lang='lat' dir='ltr'>titulum</span> <span class='ocrx_word' id='word_1_254' title='bbox 798 4284 833 4342; x_wconf 94' lang='lat' dir='ltr'>et</span> <span class='ocrx_word' id='word_1_255' title='bbox 849 4279 1143 4362; x_wconf 88' lang='lat' dir='ltr'>presentacionem</span> <span class='ocrx_word' id='word_1_256' title='bbox 1159 4287 1314 4345; x_wconf 91' lang='lat' dir='ltr'>nostram</span> <span class='ocrx_word' id='word_1_257' title='bbox 1331 4284 1375 4347; x_wconf 89' lang='lat' dir='ltr'>ad</span> <span class='ocrx_word' id='word_1_258' title='bbox 1392 4305 1510 4350; x_wconf 87' lang='lat' dir='ltr'>omnes</span> 
     </span>
     <span class='ocr_line' id='line_1_35' title="bbox 404 4381 1510 4472; baseline 0.007 -27"><span class='ocrx_word' id='word_1_259' title='bbox 404 4401 516 4445; x_wconf 89' lang='lat' dir='ltr'>sacros</span> <span class='ocrx_word' id='word_1_260' title='bbox 546 4381 681 4445; x_wconf 91' lang='lat' dir='ltr'>ordines</span> <span class='ocrx_word' id='word_1_261' title='bbox 711 4403 773 4464; x_wconf 91' lang='lat' dir='ltr'>pro</span> <span class='ocrx_word' id='word_1_262' title='bbox 803 4389 842 4446; x_wconf 87' lang='lat' dir='ltr'>ut</span> <span class='ocrx_word' id='word_1_263' title='bbox 873 4382 999 4467; x_wconf 93' lang='lat' dir='ltr'>gradus</span> <span class='ocrx_word' id='word_1_264' title='bbox 1030 4383 1136 4464; x_wconf 91' lang='lat' dir='ltr'>ipsius</span> <span class='ocrx_word' id='word_1_265' title='bbox 1166 4386 1271 4469; x_wconf 88' lang='lat' dir='ltr'>exigit</span> <span class='ocrx_word' id='word_1_266' title='bbox 1302 4393 1336 4450; x_wconf 88' lang='lat' dir='ltr'>et</span> <span class='ocrx_word' id='word_1_267' title='bbox 1368 4390 1510 4472; x_wconf 90' lang='lat' dir='ltr'>requirit</span> 
     </span>
     <span class='ocr_line' id='line_1_36' title="bbox 404 4485 1510 4568; baseline 0.008 -20"><span class='ocrx_word' id='word_1_268' title='bbox 404 4485 596 4568; x_wconf 89' lang='lat' dir='ltr'>promoueri</span> <span class='ocrx_word' id='word_1_269' title='bbox 619 4485 731 4549; x_wconf 90' lang='lat' dir='ltr'>velitis</span> <span class='ocrx_word' id='word_1_270' title='bbox 754 4485 884 4550; x_wconf 91' lang='lat' dir='ltr'>intuitu</span> <span class='ocrx_word' id='word_1_271' title='bbox 906 4485 1071 4550; x_wconf 85' lang='lat' dir='ltr'>caritatis</span> <span class='ocrx_word' id='word_1_272' title='bbox 1119 4488 1241 4552; x_wconf 90' lang='lat' dir='ltr'>Valeat</span> <span class='ocrx_word' id='word_1_273' title='bbox 1264 4497 1380 4555; x_wconf 89' lang='lat' dir='ltr'>vestra</span> <span class='ocrx_word' id='word_1_274' title='bbox 1402 4492 1510 4556; x_wconf 93' lang='lat' dir='ltr'>domi-</span> 
     </span>
     <span class='ocr_line' id='line_1_37' title="bbox 404 4588 1508 4674; baseline 0.007 -21"><span class='ocrx_word' id='word_1_275' title='bbox 404 4590 502 4653; x_wconf 92' lang='lat' dir='ltr'>nacio</span> <span class='ocrx_word' id='word_1_276' title='bbox 519 4589 715 4653; x_wconf 92' lang='lat' dir='ltr'>veneranda</span> <span class='ocrx_word' id='word_1_277' title='bbox 733 4610 793 4672; x_wconf 93' lang='lat' dir='ltr'>per</span> <span class='ocrx_word' id='word_1_278' title='bbox 810 4597 966 4674; x_wconf 92' lang='lat' dir='ltr'>tempora</span> <span class='ocrx_word' id='word_1_279' title='bbox 985 4588 1128 4652; x_wconf 79' lang='lat' dir='ltr'>feliciter</span> <span class='ocrx_word' id='word_1_280' title='bbox 1146 4591 1179 4653; x_wconf 93' lang='lat' dir='ltr'>in</span> <span class='ocrx_word' id='word_1_281' title='bbox 1199 4593 1289 4657; x_wconf 92' lang='lat' dir='ltr'>D’no</span> <span class='ocrx_word' id='word_1_282' title='bbox 1307 4596 1508 4662; x_wconf 89' lang='lat' dir='ltr'>successiua.</span> 
     </span>
     <span class='ocr_line' id='line_1_38' title="bbox 407 4692 1511 4776; baseline 0.009 -21"><span class='ocrx_word' id='word_1_283' title='bbox 407 4693 447 4756; x_wconf 91' lang='lat' dir='ltr'>ln</span> <span class='ocrx_word' id='word_1_284' title='bbox 468 4714 496 4757; x_wconf 91' lang='lat' dir='ltr'>c.</span> <span class='ocrx_word' id='word_1_285' title='bbox 520 4713 544 4757; x_wconf 92' lang='lat' dir='ltr'>r.</span> <span class='ocrx_word' id='word_1_286' title='bbox 569 4699 594 4757; x_wconf 91' lang='lat' dir='ltr'>t.</span> <span class='ocrx_word' id='word_1_287' title='bbox 617 4692 677 4776; x_wconf 90' lang='lat' dir='ltr'>sig.</span> <span class='ocrx_word' id='word_1_288' title='bbox 706 4712 739 4755; x_wconf 93' lang='lat' dir='ltr'>n.</span> <span class='ocrx_word' id='word_1_289' title='bbox 765 4714 850 4776; x_wconf 92' lang='lat' dir='ltr'>pres.</span> <span class='ocrx_word' id='word_1_290' title='bbox 872 4699 924 4757; x_wconf 88' lang='lat' dir='ltr'>est</span> <span class='ocrx_word' id='word_1_291' title='bbox 944 4712 1145 4775; x_wconf 88' lang='lat' dir='ltr'>appensum.</span> <span class='ocrx_word' id='word_1_292' title='bbox 1193 4696 1273 4761; x_wconf 90' lang='lat' dir='ltr'>Dat.</span> <span class='ocrx_word' id='word_1_293' title='bbox 1298 4698 1333 4761; x_wconf 92' lang='lat' dir='ltr'>in</span> <span class='ocrx_word' id='word_1_294' title='bbox 1359 4698 1412 4763; x_wconf 89' lang='lat' dir='ltr'>do.</span> <span class='ocrx_word' id='word_1_295' title='bbox 1436 4701 1511 4764; x_wconf 90' lang='lat' dir='ltr'>n’ra</span> 
     </span>
     <span class='ocr_line' id='line_1_39' title="bbox 405 4795 1511 4879; baseline 0.006 -19"><span class='ocrx_word' id='word_1_296' title='bbox 405 4796 587 4879; x_wconf 90' lang='lat' dir='ltr'>capitulari</span> <span class='ocrx_word' id='word_1_297' title='bbox 611 4795 722 4879; x_wconf 91' lang='lat' dir='ltr'>primo</span> <span class='ocrx_word' id='word_1_298' title='bbox 745 4796 799 4859; x_wconf 90' lang='lat' dir='ltr'>die</span> <span class='ocrx_word' id='word_1_299' title='bbox 823 4817 928 4861; x_wconf 91' lang='lat' dir='ltr'>mens.</span> <span class='ocrx_word' id='word_1_300' title='bbox 953 4795 1114 4858; x_wconf 91' lang='lat' dir='ltr'>Decemb.</span> <span class='ocrx_word' id='word_1_301' title='bbox 1137 4796 1239 4863; x_wconf 84' lang='lat' dir='ltr'>Anno</span> <span class='ocrx_word' id='word_1_302' title='bbox 1263 4801 1344 4865; x_wconf 88' lang='lat' dir='ltr'>D’ni</span> <span class='ocrx_word' id='word_1_303' title='bbox 1368 4802 1511 4867; x_wconf 91' lang='lat' dir='ltr'>Mill&#39;mo</span> 
     </span>
     <span class='ocr_line' id='line_1_40' title="bbox 407 4899 696 4985; baseline -0.017 -18"><span class='ocrx_word' id='word_1_304' title='bbox 407 4910 520 4967; x_wconf 71' lang='lat' dir='ltr'>ccccm⁰</span> <span class='ocrx_word' id='word_1_305' title='bbox 538 4899 696 4985; x_wconf 89' lang='lat' dir='ltr'>septimo.</span> 
     </span>
    </p>
   </div>
   <div class='ocr_carea' id='block_1_7' title="bbox 0 0 1982 5625">
    <p class='ocr_par' dir='ltr' id='par_1_9' title="bbox 0 0 1982 5625">
     <span class='ocr_line' id='line_1_41' title="bbox 0 0 1982 5625; baseline 0 0"><span class='ocrx_word' id='word_1_306' title='bbox 0 0 1982 5625; x_wconf 95' lang='lat' dir='ltr'> </span> 
     </span>
    </p>
   </div>
  </div>
 </body>
</html>
