3950 5625
509 717 574 786 260
795 720 875 785 Tne
900 720 1057 785 luerim*
1081 719 1328 785 Manuscmpr.

295 911 394 987 ‚When
405 911 482 960 there
594 902 774 967 Volumus
795 900 903 964 eciam
925 906 960 963 et
982 898 1191 973 ordinamus,
1210 919 1250 962 ac
1265 918 1327 982 per
1347 902 1523 981 presentes
1544 915 1630 959 con·

294 992 492 1109 ’ᾖξεᾎῗζξζζ
509 1003 672 1077 cedimus,
701 1003 796 1088 quod
822 1004 1136 1088 quocienscumque
1157 1009 1193 1067 et
1212 1001 1503 1087 quandocumque
1529 1000 1628 1064 dicta

295 1116 494 1176 aretopresent
510 1107 673 1172 Cantaria
700 1129 760 1192 per
785 1114 933 1172 mortem
959 1129 1019 1172 seu
1046 1108 1314 1192 resignacionem
1341 1105 1485 1190 predicti
1512 1103 1629 1188 Joh’is

295 1179 494 1293 {iiiam}
511 1211 553 1276 de
575 1212 724 1276 Threske
745 1233 805 1276 seu
827 1213 968 1277 alterius
989 1212 1192 1276 successoris
1213 1211 1265 1276 sui
1287 1210 1441 1276 eiusdem
1462 1208 1628 1273 Cantarie

365 1325 423 1374 ary.
510 1315 684 1401 Capellani
717 1323 777 1380 aut
803 1337 927 1380 veorum
956 1316 1109 1390 alicuius,
1138 1316 1208 1380 suis
1239 1314 1414 1379 demeritis
1444 1314 1479 1378 in
1512 1312 1628 1377 forma

511 1419 665 1504 predicta
691 1420 835 1485 ammoti
858 1441 917 1484 seu
941 1420 1080 1504 priuati,
1105 1440 1165 1483 seu
1188 1439 1406 1504 quocumque
1430 1417 1497 1482 alio
1521 1416 1630 1481 modo

511 1525 698 1600 vacauerit,
724 1526 818 1609 quod
842 1545 914 1599 nos,
941 1524 1091 1600 heredes
1116 1524 1171 1587 vel
1196 1524 1361 1608 assignati
1385 1522 1493 1586 nostri
1518 1521 1629 1585 alium

511 1628 735 1712 Capellanum
757 1629 931 1712 ydoneum
953 1629 997 1692 ad
1019 1627 1164 1692 eandem
1185 1627 1383 1692 Cantariam
1404 1626 1493 1691 inlra
1515 1645 1630 1690 vnum

512 1752 663 1796 mensem
696 1753 716 1796 a
750 1738 903 1816 tempore
936 1732 1132 1796 vacacionis
1164 1731 1316 1797 eiusdem
1349 1729 1631 1814 presentabimus

512 1837 577 1900 loci
602 1836 691 1900 illius
715 1836 897 1901 Ordinario
928 1836 987 1920 qui
1020 1857 1082 1920 pro
1114 1842 1268 1920 tempore
1299 1835 1413 1911 fuerit,
1440 1833 1631 1899 admitten-

513 1940 665 2006 dendum
690 1940 762 2004 fore
785 1946 820 2003 et
844 1940 879 2003 in
903 1940 1027 2003 eadam
1051 1940 1215 2004 canonice
1238 1938 1490 2003 instituendum
1514 1944 1549 2002 et
1577 1938 1632 2002 in-

514 2045 710 2110 ducendum
731 2051 766 2108 et
787 2045 902 2110 induci
922 2045 1173 2118 mandandum,
1191 2045 1280 2108 sicut
1296 2050 1498 2109 consuetum
1520 2048 1573 2106 est
1595 2049 1632 2106 et

514 2149 586 2213 fieri
617 2149 720 2213 debet
753 2149 787 2213 in
820 2148 894 2212 aliis
926 2148 1102 2232 beneficiis
1134 2148 1384 2223 ecclesiasticis,
1417 2147 1634 2231 vlteriusque

514 2253 710 2318 faciendum
741 2260 775 2318 et
809 2253 1037 2317 exercendum
1069 2253 1163 2336 quod
1195 2253 1326 2316 iustum
1358 2252 1461 2316 fuerit
1493 2252 1529 2315 in
1561 2251 1657 2315 hac·

354 2364 379 2413 lt
392 2363 440 2412 the
514 2364 621 2442 parte.
670 2359 717 2421 Et
731 2358 758 2421 si
773 2378 845 2432 nos,
862 2356 1013 2432 heredes
1029 2356 1083 2420 vel
1099 2357 1264 2441 assignati
1278 2356 1387 2420 nostri
1402 2355 1630 2440 Capellanum

298 2436 498 2547 paqpptstpeg-
514 2462 688 2546 ydoneum
717 2461 762 2526 ad
791 2461 990 2525 Cantariam
1019 2461 1210 2544 predictam
1240 2461 1274 2525 in
1304 2461 1445 2545 singulis
1474 2459 1631 2525 eiusdem

304 2566 429 2628 appoint,
445 2563 492 2612 the
514 2565 673 2631 Cantarie
704 2566 947 2629 vacacionibus
977 2564 1067 2628 infra
1098 2586 1206 2629 vnum
1237 2585 1389 2628 mensem
1421 2586 1441 2628 a
1472 2571 1633 2649 tempore

297 2635 500 2761 laqqpsoipgqqe
514 2670 708 2735 vacacionis
720 2669 871 2733 eiusdem
883 2670 918 2733 in
931 2669 1043 2733 forma
1057 2669 1212 2752 predicta
1223 2690 1292 2733 non
1304 2668 1632 2752 presentauerimus,

333 2768 424 2814 rector
435 2764 465 2812 ⁰¹
514 2794 573 2840 seu
597 2780 793 2859 presentare
816 2773 1075 2859 neglexerimus,
1100 2774 1197 2838 Tunc
1220 2774 1391 2850 volumus
1416 2772 1632 2850 ordinamus,

350 2832 445 2887 Wath,
513 2887 548 2944 et
568 2879 786 2944 concedimus
806 2899 866 2962 per
885 2885 1070 2962 presentes,
1091 2879 1185 2963 quod
1207 2899 1354 2963 persona
1373 2879 1527 2963 predicte
1547 2879 1631 2945 eccl.

513 2983 555 3048 de
572 2983 678 3048 Wath
695 2983 755 3068 qui
773 3004 834 3066 pro
853 2989 1006 3066 tempore
1024 2983 1129 3047 fuerit
1142 2983 1199 3047 illa
1216 2983 1290 3047 vice
1308 2989 1343 3047 et
1357 2983 1414 3047 illa
1431 2984 1632 3058 vacacione,

515 3088 604 3153 inira
642 3094 721 3152 octo
758 3087 830 3151 dies
868 3087 1063 3171 predictum
1101 3107 1253 3151 mensem
1292 3088 1493 3152 immediate
1531 3109 1631 3172 prox.

514 3199 720 3277 sequentes,1
746 3191 969 3275 Capellanum
994 3192 1168 3276 ydoneum
1192 3192 1237 3256 ad
1260 3192 1407 3256 eandem
1431 3192 1634 3258 Cantariam

515 3297 650 3381 prelato
677 3296 859 3361 Ordinatio
888 3302 1062 3380 presentet
1091 3296 1360 3372 admittendum,
1386 3296 1480 3361 etin
1509 3298 1634 3362 eadem

298 3423 396 3486 saving
413 3423 501 3499 righrs
515 3401 677 3466 Cantaria
710 3400 873 3465 canonice
906 3399 1160 3464 instituendum
1193 3406 1228 3463 et
1262 3399 1507 3477 inducendum,
1541 3401 1633 3467 sicut

300 3490 500 3604 ζξῒῐιζῗξᾞέξ
516 3504 708 3589 predictum
727 3510 789 3579 est,
809 3504 906 3567 saluo
923 3524 1059 3588 semper
1077 3504 1176 3567 nobis
1194 3503 1377 3568 heredibus
1395 3510 1428 3567 et
1448 3505 1635 3590 assignatis

515 3609 641 3674 nostris
681 3609 715 3672 in
756 3608 822 3673 alia
862 3607 937 3672 vice
976 3614 1012 3672 et
1052 3608 1205 3672 eiusdem
1246 3608 1406 3673 Cantarie
1445 3610 1634 3675 vacacione

515 3732 734 3797 quacumque
749 3712 820 3776 iure
835 3718 954 3776 nostro
969 3712 1054 3776 alias
1068 3711 1291 3795 presentandi
1307 3712 1352 3776 ad
1367 3712 1513 3777 eandem
1527 3714 1634 3779 modo

330 3827 391 3874 And
406 3827 426 3875 if
439 3827 473 3874 he
517 3823 551 3881 et
574 3816 684 3880 iorma
705 3816 860 3900 superius
881 3815 1100 3900 expressatis,
1148 3817 1195 3880 Et
1217 3817 1245 3880 si
1268 3817 1464 3881 huiusmodi
1486 3838 1632 3901 persona

337 3894 468 4009 {fiffffssffg
518 3920 669 4005 predicte
702 3921 780 3985 eccl.
816 3919 858 3983 de
891 3920 998 3984 Wath
1030 3920 1090 4004 qui
1122 3940 1185 4003 pro
1220 3926 1375 4004 tempore
1407 3921 1521 3989 fuerit.
1543 3922 1633 3987 infra

320 4026 442 4103 chapter
454 4028 483 4075 οἱ
518 4024 690 4109 predictos
723 4030 801 4087 octo
834 4023 906 4087 dies
940 4023 1053 4088 eidem
1086 4044 1229 4108 persone
1263 4024 1297 4088 in
1332 4024 1442 4089 forma
1475 4026 1633 4108 predicta

305 4094 504 4223 ffissssssffim
518 4129 685 4193 limitatos
707 4127 930 4211 Capelianum
953 4128 1127 4211 ydoneum
1150 4127 1194 4191 ad
1217 4128 1416 4193 Cantariam
1439 4130 1632 4212 predictam

518 4239 557 4297 vt
582 4232 775 4317 predictum
799 4237 851 4294 est
876 4253 945 4296 non
965 4232 1227 4315 presentauerit,
1246 4253 1306 4296 seu
1330 4239 1530 4316 presentare
1553 4255 1633 4321 neg-

517 4337 648 4413 lexerit,
672 4343 754 4401 tunc
782 4337 833 4419 (88
854 4339 898 4414 v.)
927 4337 1097 4412 volumus,
1120 4336 1331 4412 ordinamus,
1354 4342 1389 4400 et
1411 4337 1632 4405 concedimus

518 4461 578 4525 per
601 4447 774 4525 presentes
797 4441 891 4525 quod
916 4440 1116 4523 Capitulum
1137 4440 1217 4505 eccl.
1239 4440 1321 4505 Coll.
1342 4441 1550 4524 supradicte,
1575 4444 1632 4508 illa

517 4547 591 4610 vice
610 4552 645 4609 et
664 4545 721 4609 illa
738 4546 933 4619 vacacione,
952 4544 1041 4608 inira
1057 4544 1254 4628 quindecim
1271 4544 1343 4609 dies
1359 4545 1532 4628 predictos
1550 4555 1631 4612 octo

517 4650 589 4715 dies
613 4650 810 4715 immediate
834 4671 930 4733 prox.
957 4655 1112 4733 sequent.
1139 4648 1363 4733 Capellanum
1387 4649 1563 4735 ydoneum
1586 4652 1630 4718 ad

516 4764 568 4768 —
583 4764 587 4768 ἢ
598 4762 728 4769 v—-0—-—
736 4762 804 4767 —.-
813 4762 889 4767 -.-....

518 4873 520 4878 Ι
590 4815 595 4835 ¹
616 4807 671 4858 MS.
687 4807 736 4855 has
752 4808 937 4873 ‘'sequente''
