3950 5625
488 820 550 904 198
770 819 849 883 Tun
873 819 1030 883 lnousr
1053 818 1301 884 Manuscnrpr.

487 1004 522 1062 et
549 999 749 1064 induccione
776 999 810 1062 in
838 997 958 1062 eadem
985 998 1100 1062 debite
1128 997 1285 1062 facienda
1312 998 1534 1082 adimplenda
1560 1004 1593 1062 et

487 1103 685 1186 optinenda,
711 1108 744 1166 et
768 1102 862 1186 quod
886 1108 963 1185 post
988 1095 1152 1185 premissa
1175 1102 1222 1165 sic
1245 1109 1342 1186 gesta
1364 1109 1399 1166 et
1423 1103 1596 1187 completa

487 1207 641 1271 cedente1
688 1206 741 1270 vel
785 1206 970 1269 decedente
1013 1206 1106 1270 dicto
1148 1206 1229 1270 d’no
1274 1206 1370 1270 Ric'o
1413 1207 1597 1290 Capellano

487 1311 797 1395 quocienscumque
809 1309 1105 1394 qualitercumque
1118 1316 1152 1373 et
1164 1310 1454 1394 quandocumque
1466 1311 1597 1376 dictam

488 1415 678 1479 cantariam
702 1414 826 1478 tuturis
849 1414 1062 1498 temporibus
1085 1420 1118 1478 et
1141 1434 1264 1477 vacare
1286 1414 1478 1498 contigerit,
1503 1416 1598 1500 quod

318 1519 434 1608 C⁰l²⁰⁶iv
489 1526 573 1583 tunc
604 1519 857 1601 imperpetuum
889 1518 975 1581 bene
1006 1517 1121 1581 licebit
1153 1518 1305 1600 capitulo
1337 1518 1450 1582 eccl’ie
1482 1519 1598 1603 Ripon

284 1585 465 1714 'iii'ssessifiissi
489 1621 631 1706 predict.
647 1622 736 1685 inira
749 1642 900 1685 mensem
914 1622 1135 1685 vacacionem
1148 1622 1343 1686 huiusmodi
1357 1628 1486 1687 extunc
1499 1644 1597 1706 prox.

294 1718 459 1832 Rcapii’uhir
489 1732 644 1810 sequent.
678 1746 786 1789 vnum
819 1726 1002 1789 honestum
1035 1725 1264 1809 idoneumque
1297 1726 1522 1809 Capellanum
1555 1727 1600 1791 ad

315 1789 438 1899 iniisui.
490 1829 608 1893 divina
628 1829 831 1893 celebranda
852 1836 885 1892 et
907 1829 974 1892 alia
994 1829 1109 1892 debite
1130 1829 1403 1894 administranda
1424 1830 1469 1894 ad
1491 1831 1601 1895 altare

490 1933 556 1998 S’ci
580 1933 709 1997 Thome
734 1933 927 2017 predictum
951 1939 985 1996 et
1010 1933 1045 1997 in
1070 1933 1209 1996 ecclesia
1233 1933 1420 2018 Collegiata
1443 1935 1601 2018 predicta

490 2037 646 2101 ordinare
660 2044 694 2101 et
709 2037 897 2120 disponere.
946 2037 995 2100 Ac
1009 2037 1056 2100 sic
1070 2036 1229 2101 volumus
1243 2044 1277 2101 et
1292 2037 1491 2104 ordinamus
1505 2039 1601 2124 quod

490 2141 621 2205 dictum
650 2140 841 2224 capitulum
871 2140 996 2233 Ripon'
1027 2141 1201 2224 perpetuis
1230 2142 1355 2205 futuris
1384 2144 1601 2227 temporibus

490 2246 619 2309 dictam
640 2245 831 2309 cantariam
852 2245 955 2308 cicius
976 2245 1035 2309 vni
1057 2246 1201 2309 honesto
1222 2252 1256 2309 et
1277 2246 1399 2310 idoneo
1420 2247 1601 2331 capellano

490 2350 579 2414 infra
602 2349 721 2413 villam
746 2349 860 2432 Ripon
884 2348 939 2413 vel
963 2349 1086 2413 saltem
1110 2350 1199 2413 infra
1223 2351 1421 2433 parochiam
1445 2351 1600 2417 eiusdem

283 2448 311 2496 N
307 2448 475 2562 Ji‘ff.²'³'c⁰{tg⁰
490 2454 634 2518 oriundo
669 2473 775 2538 quam
809 2460 908 2516 extra
942 2452 1032 2517 infra
1066 2474 1217 2517 mensem
1252 2455 1488 2538 supradictam
1527 2457 1598 2540 (sic)

326 2529 428 2643 {sciuit
489 2557 593 2621 libere
608 2557 762 2621 conferat
777 2563 812 2620 et
827 2557 993 2621 admittat
1009 2557 1155 2621 eundem
1170 2558 1385 2641 capellanum
1401 2581 1441 2623 ac
1455 2560 1601 2626 inducat

284 2647 464 2773 'fsseffllffl'g
489 2682 549 2725 seu
573 2661 688 2725 induci
714 2661 818 2724 faciat
843 2661 1005 2724 canonice
1029 2662 1064 2725 in
1088 2662 1279 2726 cantariam
1304 2663 1496 2747 predictam
1521 2685 1601 2729 cum

489 2765 559 2830 suis
579 2765 710 2830 iuribus
731 2771 765 2829 et
786 2765 1007 2849 pertinenciis
1028 2766 1204 2831 vniuersis
1252 2768 1298 2831 Et
1319 2767 1357 2843 si,
1379 2767 1475 2852 quod
1496 2769 1599 2845 absit,

490 2870 621 2934 dictum
662 2869 852 2953 capitulum
896 2869 1010 2954 Ripon
1053 2870 1141 2934 intra
1191 2892 1342 2935 mensem
1383 2878 1418 2935 et
1463 2878 1602 2959 tempus

490 2974 683 3058 predictum
706 2973 771 3036 sibi
795 2974 1008 3057 assignatum
1032 2974 1076 3037 ad
1099 2974 1292 3040 conferend.
1318 2976 1421 3040 modo
1444 2977 1602 3060 predicto

491 3077 620 3141 dictam
641 3078 833 3142 cantariam
854 3077 1080 3162 necligentem
1101 3079 1172 3142 iore
1193 3086 1253 3143 aut
1275 3080 1453 3144 remissum
1474 3082 1510 3146 in
1532 3104 1600 3147 non

491 3182 696 3246 conferendo
748 3182 943 3246 huiusmodi
995 3183 1185 3247 cantariam
1236 3184 1371 3267 ydoneo
1422 3186 1601 3269 capellano

288 3364 334 3397 nec
351 3283 405 3395 ἔνθ
444 3349 447 3357 ,
491 3286 669 3370 contingat
702 3286 736 3350 in
769 3286 935 3358 futurum,
969 3292 1097 3351 extunc
1128 3287 1186 3351 illa
1217 3289 1428 3362 vacacione‚²
1459 3297 1601 3374 propter

318 3364 465 3477 cipiiiiiia
492 3390 733 3474 necligenciam
752 3390 834 3454 dicti
853 3390 995 3473 capituli
1014 3390 1151 3474 Ripon’,
1171 3392 1330 3457 volumus
1347 3398 1382 3456 et
1400 3393 1600 3460 ordinamus

277 3481 478 3598 deufflffj'ffr'ad
492 3494 585 3577 quod
619 3495 705 3558 bene
739 3494 839 3558 liceat
874 3494 1126 3559 venerabilibus
1160 3495 1241 3559 viris
1275 3497 1427 3580 capitulo
1461 3499 1599 3563 ecclesie

298 3615 456 3690 Capitulum
492 3598 705 3661 Cathedralis
729 3598 832 3662 Ebor.
859 3598 948 3663 inira
972 3620 1080 3662 vnum
1105 3620 1266 3675 mensem,
1293 3601 1424 3665 dictum
1449 3608 1598 3687 tempus

277 3681 374 3729 Eccru
397 3682 475 3731 ΕΜ·
491 3702 626 3785 prefato
643 3702 802 3786 Capitulo
819 3702 943 3785 Ripon'
962 3703 1006 3766 ad
1023 3704 1267 3768 conferendum
1283 3705 1483 3781 limitatum,
1501 3728 1597 3791 prox.

490 3812 701 3890 sequentem,
738 3806 795 3869 illa
829 3806 903 3870 vice
938 3806 1068 3871 dictam
1103 3808 1293 3872 cantariam
1328 3809 1387 3873 vni
1422 3810 1600 3893 capellano

490 3910 625 3992 ydoneo
641 3916 676 3973 et
693 3911 847 3984 honesto,
865 3916 905 3973 vt
921 3910 1101 3994 prefertur,
1119 3911 1234 3975 debite
1249 3912 1411 3988 conferre,
1429 3935 1470 3978 ac
1485 3915 1599 3999 ipsum

489 4013 703 4097 capellanum
727 4021 930 4098 perpetuum
954 4014 1070 4078 induci
1094 4015 1203 4078 facere
1226 4016 1261 4079 in
1280 4017 1410 4092 eadem,
1431 4039 1511 4082 cum
1530 4020 1599 4084 suis

490 4117 620 4182 iuribus
648 4124 683 4181 et
712 4118 932 4202 pertinenciis
960 4118 1137 4193 vniuersis,
1168 4140 1208 4183 ac
1236 4120 1468 4185 iuramentum
1497 4143 1598 4188 suum

490 4221 705 4285 antedictum
734 4221 768 4285 in
798 4221 909 4285 torma
937 4222 1092 4305 predicta
1122 4222 1268 4305 recipere
1298 4224 1339 4287 de
1369 4225 1500 4300 eodem,
1531 4227 1597 4290 alia

489 4346 707 4409 quacumque
723 4326 771 4411 (71
787 4326 832 4407 v.)
846 4346 887 4388 ex
903 4332 986 4390 tunc
1002 4325 1119 4390 lutura
1135 4327 1225 4390 dicte
1240 4328 1399 4392 Cantarie
1413 4330 1596 4394 vacacione

489 4430 560 4493 iure
604 4429 809 4493 conferendo
853 4429 982 4493 dictam
1027 4430 1225 4495 Cantariam
1269 4433 1430 4515 quociens
1473 4455 1596 4498 vacare

488 4533 680 4617 contigerit,
706 4539 740 4596 et
765 4533 832 4596 alia
856 4533 891 4596 in
916 4554 956 4596 ea
980 4541 1078 4618 parte
1104 4535 1276 4618 requesita
1300 4536 1456 4600 iaciendo
1480 4543 1514 4601 et
1539 4559 1595 4601 ex-

489 4636 667 4719 pediend0‚
706 4636 799 4700 dicto
836 4637 996 4720 Capitulo
1034 4638 1158 4721 Ripon'
1197 4639 1231 4703 in
1269 4641 1428 4704 omnibus
1464 4661 1596 4725 semper

488 4740 594 4817 salu0,
622 4762 661 4806 ac
687 4741 878 4825 specialiter
903 4748 1078 4806 reseruato
1104 4743 1138 4807 in
1164 4744 1234 4807 suis
1260 4746 1379 4808 robore
1405 4750 1440 4808 et
1465 4745 1594 4811 virtute

559 4901 567 4925 ¹
586 4896 642 4945 MS.
657 4896 707 4946 has
722 4894 887 4945 “sedente'’
973 4898 983 4921 ²
1002 4894 1058 4944 MS.
1073 4895 1123 4945 has
1139 4901 1153 4917 ‘⁸
1163 4896 1339 4945 vocacione.”
