3950 5625
829 627 1103 694 Caururnuu.

757 719 1183 786 &affl
1477 735 1518 802 47

416 899 482 980 (57)
502 898 696 962 Sraruruu
709 898 990 962 Ancuranscon
1011 898 1210 979 (Tunsrrur)
1232 915 1279 961 ua
1296 898 1518 961 Pnrssauurs.

500 1042 641 1105 Printed
669 1042 757 1105 from
786 1042 1016 1125 Dambrough
1045 1041 1113 1105 MS.
1143 1042 1177 1104 in
1205 1040 1308 1104 Mem.
1338 1040 1461 1123 Ripon,
1493 1039 1519 1114 I,
1555 1046 1724 1094 1114·1140·

412 1163 486 1225 293.

415 1337 464 1419 (21
487 1339 533 1419 v.)
579 1336 644 1420 (58)
684 1337 823 1400 erana
852 1336 928 1400 u'ur
960 1335 1241 1400 Ancuraprscorr
1280 1335 1435 1418 (Rosam
1473 1351 1520 1398 na

457 1442 558 1505 Ponr
580 1441 780 1522 L'Evaoua)
805 1458 852 1504 ur
874 1457 1043 1504 pneuma.

500 1583 641 1647 Printed
659 1583 747 1647 from
765 1583 995 1662 Darnbrough
1013 1582 1081 1646 MS.
1101 1583 1136 1646 in
1154 1582 1256 1646 Mem.
1276 1582 1399 1665 Ripora
1420 1581 1446 1656 1,
1466 1598 1518 1664 97.
1555 1568 1718 1626 ¹¹54·¹¹81·

694 1775 759 1857 (59)
787 1773 1242 1855 Burra(1uuureauera).1

499 1929 693 1993 Alexander
711 1929 901 2012 episcopus,
920 1949 1040 1992 seruus
1057 1949 1234 1992 seruorum
1253 1929 1327 2003 Dei,
1347 1928 1521 1993 Vniuersis
1537 1910 1696 2025 p⁰figtea¹¹d

412 2034 471 2116 xpi
505 2033 663 2097 fidelibus
697 2038 872 2116 presentes
906 2033 1022 2096 literas
1056 2033 1269 2116 inspecturis,
1306 2032 1453 2096 salutem
1487 2039 1522 2097 et
1543 2044 1696 2093 uncertain.

412 2137 637 2221 apostolicam
665 2137 953 2200 benediccionem.
1002 2137 1097 2200 Licet
1127 2137 1160 2199 Is
1188 2137 1230 2200 de
1258 2137 1354 2200 cuius
1382 2158 1522 2201 munere

411 2242 507 2305 venit
544 2247 585 2305 vt
624 2242 688 2305 sibi
727 2263 747 2304 a
784 2240 941 2304 fidelibus
979 2241 1049 2304 suis
1087 2241 1188 2325 digne
1227 2261 1265 2304 ac
1303 2241 1522 2306 laudabiliter

411 2346 581 2409 seruiatur
623 2346 665 2409 de
708 2345 951 2408 habundancia
994 2346 1134 2428 pietatis
1176 2365 1246 2419 sue,
1290 2366 1356 2429 que
1399 2347 1521 2411 merita

411 2451 603 2533 supplicum
621 2450 756 2513 excedit
773 2455 808 2512 et
824 2454 909 2513 vota
928 2450 1243 2513 beneseruientibus
1264 2450 1375 2514 multo
1391 2452 1522 2515 maiora

410 2555 580 2617 retribuat
613 2574 718 2636 quam
752 2553 867 2616 valeat
901 2554 1095 2636 promereri,
1129 2553 1371 2618 nichilominus
1403 2561 1520 2620 tamen

410 2659 586 2742 cupientes
615 2658 754 2721 reddere
783 2658 933 2721 Domino
961 2659 1127 2741 populum
1152 2658 1372 2741 acceptabile,
1405 2658 1520 2723 fideles

411 2762 482 2847 Xpi
520 2763 564 2827 ad
601 2762 886 2845 complacendum
925 2763 954 2826 ei
985 2763 1084 2847 quasi
1116 2763 1325 2847 quibusdam
1363 2763 1519 2829 illectivis

410 2868 548 2951 premiis
565 2867 786 2931 indulcenciis
803 2867 932 2930 scilicet
949 2872 984 2930 et
1002 2868 1257 2932 remissionibus
1274 2854 1462 2933 inuitamus
1479 2875 1519 2933 vt

410 2972 533 3036 exinde
574 2972 764 3035 reddantur
805 2971 920 3034 diuine
961 2972 1072 3056 gracie
1114 2973 1275 3055 apciores.
1336 2973 1518 3056 Cupientes

410 3078 527 3160 itaque
556 3082 595 3139 vt
624 3076 703 3139 ec'cl.
735 3075 860 3159 Ripon’
886 3076 989 3140 Ebor.
1016 3077 1119 3141 Deoc.
1146 3078 1304 3162 congruis
1332 3079 1519 3142 honoribus

409 3181 658 3264 frequentetur,
681 3180 841 3243 omnibus
862 3200 940 3243 vere
962 3181 1198 3264 penitentibus
1220 3187 1254 3245 et
1276 3183 1438 3247 confessis
1458 3183 1518 3266 qui
1532 3151 1632 3268 Οςῃξῗ,
1656 3152 1728 3268 [iffi

409 3286 454 3349 ad
473 3285 649 3348 ecclesiam
669 3284 778 3367 ipsam
799 3284 833 3348 in
854 3284 971 3348 Sancti
993 3285 1103 3367 Joh'is
1122 3286 1279 3369 Apostoli
1299 3293 1333 3350 et
1354 3289 1518 3372 Euange-
1532 3284 1585 3334 frid
1631 3287 1653 3335 is
1703 3288 1728 3336 11¹

408 3386 485 3453 liste
513 3390 548 3453 in
577 3389 673 3452 cuius
702 3396 753 3451 est
780 3394 979 3452 constructa
1008 3390 1159 3453 honore²
1184 3410 1223 3454 ac
1242 3392 1335 3456 beati
1359 3392 1517 3469 Wiliridi,
1532 3353 1564 3400 th
1560 3354 1728 3483 groughugcsn

408 3495 505 3558 cuius
533 3514 657 3576 corpus
686 3493 720 3556 in
749 3493 869 3556 eadem
898 3493 1039 3557 ecclesia
1067 3500 1170 3577 prout
1199 3496 1361 3560 asseritur
1388 3503 1440 3561 est
1468 3519 1518 3562 re·
1532 3487 1659 3538 seritur.”

408 3599 599 3672 conditum,
624 3597 885 3671 festiuitatibuS,
910 3617 1043 3663 necnon
1074 3604 1108 3661 et
1139 3599 1173 3662 in
1203 3600 1435 3665 anniuersario
1465 3603 1519 3666 die

409 3702 638 3766 dedicacionis
655 3701 806 3765 eiusdem
825 3701 962 3765 ecclesie
980 3722 1086 3765 causa
1103 3702 1299 3768 deuocionis
1317 3707 1520 3770 accesserint

408 3807 601 3881 annuatim,
620 3806 663 3869 de
680 3806 938 3888 Omnipotentis
956 3807 1021 3869 Dei
1038 3807 1270 3871 misericordia
1287 3814 1322 3872 et
1339 3810 1520 3875 beatorum

408 3911 502 3975 Petri
541 3916 576 3973 et
617 3909 714 3973 Pauli
755 3910 991 3992 apostolorum
1031 3911 1104 3973 eius
1144 3912 1351 3977 auctoritate
1390 3915 1519 3990 confisi,

407 4021 547 4079 centum
563 4015 635 4078 dies
651 4007 692 4077 de
708 4014 873 4077 iniunctis
888 4014 953 4078 sibi
968 4015 1171 4097 penitenciis
1186 4017 1389 4082 relaxamus.
1437 4020 1518 4085 Dat,

407 4120 573 4204 Anagnie,
594 4140 617 4181 v
637 4118 681 4182 kl.
703 4119 840 4200 Aprilis
862 4118 1089 4183 Pontificatus
1108 4121 1216 4184 nostri
1236 4141 1327 4185 anno
1345 4129 1453 4187 sexto

405 4333 455 4386 22.
716 4311 781 4393 (60)
810 4312 934 4376 BurLA
960 4314 1050 4391 (o'ur
1076 4315 1206 4397 ΡΑΡΕ).1

497 4454 722 4518 innocencius
742 4454 848 4537 ep'us,
867 4475 892 4519 s.
910 4476 935 4519 s
954 4455 1029 4529 Dei,
1053 4455 1185 4519 dilectis
1207 4455 1283 4520 filiis
1305 4457 1516 4535 Tesaurario,
1597 4473 1672 4523 1215·

409 4559 450 4624 R.
488 4558 745 4642 penitenciario,
782 4564 816 4621 et
852 4558 904 4622 W.
941 4558 1113 4623 Canonico
1148 4560 1264 4635 Ebor.,
1301 4562 1447 4627 salutem
1483 4570 1517 4627 et
1534 4527 1728 4645 Inffgccgnssi'st

479 4732 486 4753 ¹
507 4725 604 4787 Partly
617 4725 721 4773 erased.

477 4823 486 4844 ²
505 4809 593 4865 There
607 4831 725 4881 appears
739 4821 769 4865 to
783 4817 816 4864 be
829 4830 906 4864 some
920 4816 1039 4864 mistake
1053 4815 1126 4864 here.
