3950 5625
773 702 867 768 Acrs
890 720 936 768 or
958 702 1137 768 cuman.
1447 717 1509 784 143

495 883 595 959 Item,
614 883 697 967 quia
716 881 877 947 Canonici
896 882 1083 946 residentes
1101 881 1279 946 retroactis
1299 880 1511 963 temporibus
1535 869 1648 997 effi}
1660 869 1711 982 ἓξ*

406 987 592 1052 maioribus
607 993 642 1051 et
658 986 942 1070 solempnioribus
958 986 1207 1050 testiuitatibus
1223 985 1304 1050 anni
1320 985 1355 1048 in
1371 983 1511 1047 ecclesia
1523 1016 1600 1064 ways
1616 1001 1721 1049 resideo

406 1096 524 1155 nostra
547 1090 691 1155 residere
714 1096 748 1154 et
771 1090 897 1155 diuinis
919 1091 1080 1154 interesse
1103 1090 1221 1154 officiis
1243 1110 1312 1155 non
1335 1095 1509 1162 curarunt,
1547 1069 1699 1200 ffgffil

404 1215 477 1270 nos,
515 1194 550 1258 in
588 1194 695 1260 diuini
733 1194 846 1258 cultus
884 1200 1108 1279 augmentum
1145 1199 1179 1257 et
1218 1193 1338 1257 honori
1374 1191 1511 1255 ecclesie
1535 1201 1655 1250 choirat
1668 1201 1717 1249 the

405 1298 596 1381 prospicere
621 1297 808 1381 cupientes,
835 1319 874 1362 ac
898 1299 1139 1364 canonicoset
1164 1297 1352 1361 confratres
1376 1301 1511 1360 nostros
1560 1272 1684 1382 ῐξζξῖνῒξῖς

406 1408 579 1486 presentes
615 1407 650 1465 et
678 1402 821 1466 ⁴futuros
857 1402 902 1466 ad
937 1402 1155 1466 residendum
1191 1402 1226 1465 in
1263 1400 1511 1464 lestiuitatibus

406 1505 611 1589 supradictis
642 1505 793 1570 animare
824 1506 990 1581 volentes
1022 1505 1065 1569 de
1095 1504 1249 1571 unanimi
1279 1524 1445 1568 consensu
1476 1508 1510 1567 et

406 1630 545 1675 assensu
577 1610 731 1675 omnium
763 1617 797 1673 et
830 1610 1040 1694 singulorum
1072 1609 1284 1673 confratrum
1315 1614 1511 1672 nostrorum

406 1713 629 1797 presencium,
662 1714 848 1778 statuimus
880 1719 914 1777 et
947 1713 1145 1777 diffiniendo
1176 1713 1384 1788 ordinamus,
1418 1711 1512 1798 quod

407 1817 550 1903 quilibet
576 1817 768 1882 Canonicus
793 1817 1021 1881 residencialis
1046 1817 1106 1902 qui
1132 1817 1166 1880 in
1193 1816 1282 1881 festo
1307 1815 1512 1881 Natiuitatis
1543 1835 1589 1869 are
1602 1834 1664 1869 now
1677 1825 1708 1868 to

408 1921 546 1986 Domini
579 1928 613 1985 et
645 1942 706 2005 per
738 1922 881 1986 octabas
912 1921 1064 1986 eiusdem
1097 1920 1319 1985 residenciam
1351 1921 1385 1984 in
1419 1920 1512 1984 dicta
1543 1888 1707 2018 ¹&ssss

408 2026 547 2090 ecclesia
577 2031 696 2090 nostra
727 2026 844 2090 fecerit
875 2025 1099 2110 personalem,
1127 2024 1240 2108 xxvjs.
1273 2025 1439 2109 percipiat
1470 2024 1512 2088 de
1561 2021 1631 2069 from
1645 2020 1694 2068 ¹¹¹⁶

408 2149 577 2206 comuna;
601 2130 662 2214 qui
691 2150 773 2194 vero
802 2130 837 2194 in
864 2130 953 2194 testo
984 2130 1135 2194 Paschae
1156 2150 1235 2194 cum
1259 2129 1369 2193 tribus
1393 2128 1513 2193 diebus
1560 2100 1689 2202 cpffipp

408 2233 630 2317 sequentibus
667 2233 756 2317 xiijs.
796 2233 893 2317 iiijd,
931 2241 966 2298 et
1003 2234 1063 2319 qui
1101 2233 1135 2297 in
1173 2233 1261 2297 festo
1298 2231 1513 2296 Ascensionis
1526 2221 1726 2336 ¹532&sz

409 2336 547 2400 Domini
572 2358 653 2402 cum
678 2338 789 2402 tribus
815 2338 935 2403 diebus
959 2336 1222 2421 precedentibus
1247 2336 1402 2401 similiter
1427 2336 1513 2400 duas
1551 2357 1662 2428 present
1675 2353 1703 2400 in

409 2460 551 2516 marcas,
565 2441 600 2505 in
614 2441 701 2505 festo
714 2441 933 2506 Pentecostes
945 2462 1024 2506 cum
1038 2442 1148 2506 tribus
1160 2441 1280 2505 diebus
1291 2440 1513 2524 sequentibus
1585 2421 1669 2468 ⁰¹⁰¹*

408 2544 631 2626 personaliter
650 2544 822 2621 residebit,
840 2546 1061 2611 consimiliter
1077 2545 1166 2630 xiijs.
1185 2545 1268 2629 iiijd.
1287 2545 1452 2629 percipiat
1472 2544 1515 2608 de

408 2667 565 2713 comuna.

496 2776 590 2842 Nota
611 2777 706 2864 quod
726 2778 871 2863 quilibet
893 2778 1085 2845 Canonicus
1106 2778 1252 2843 residere
1273 2778 1391 2843 volens
1412 2779 1515 2844 debet

411 2882 622 2965 personalem
654 2904 717 2948 sua
748 2884 887 2967 propria
919 2904 1065 2968 persona
1098 2884 1385 2966 protestacionem
1417 2905 1515 2948 suam

411 2985 519 3049 facere
537 2986 571 3049 in
591 2986 775 3069 Capitqu¹

497 3115 587 3179 Item
622 3121 796 3181 statutum
831 3122 866 3180 et
906 3116 1104 3181 ordinatum
1142 3122 1194 3181 est
1234 3117 1327 3201 quod
1371 3117 1516 3203 quilibet
1531 3140 1719 3190 protestation

411 3217 601 3284 Canonicus
620 3220 739 3284 volens
759 3220 794 3284 in
813 3226 931 3284 nostra
951 3221 1091 3285 ecclesia
1111 3220 1255 3285 residere
1275 3241 1336 3304 pro
1355 3222 1517 3304 primaria
1530 3208 1559 3256 ⁰¹
1571 3208 1718 3255 ¹¹¹¹d¹¹¹¹¹¹

411 3323 596 3388 residencia
615 3323 781 3399 facienda,
800 3325 895 3408 prius
913 3324 1055 3389 accedat
1073 3324 1296 3409 personaliter
1313 3325 1358 3389 ad
1376 3325 1517 3390 domum

412 3425 643 3511 Capitularem
677 3428 829 3493 eiusdem
864 3428 1001 3492 ecclesie
1036 3429 1070 3492 in
1106 3429 1195 3492 festo
1229 3430 1518 3494 Annunciacionis

413 3530 519 3595 Beate
546 3532 651 3595 Marie
678 3532 733 3596 vel
760 3532 849 3597 infra
876 3540 955 3597 octo
982 3532 1054 3596 dies
1080 3534 1236 3616 proxime
1262 3540 1454 3619 sequentes,
1483 3541 1517 3598 et

413 3634 539 3700 ibidem
549 3636 773 3719 personaliter
783 3642 997 3720 protestetur
1007 3637 1049 3701 de
1061 3636 1239 3702 residendo
1251 3644 1285 3701 et
1297 3638 1518 3703 residenciam

413 3759 510 3803 suam
533 3739 689 3804 faciendo
711 3761 773 3824 pro
795 3741 853 3805 illo
875 3760 967 3805 anno
990 3740 1044 3804 vel
1068 3741 1168 3805 aliter
1190 3741 1235 3805 ad
1258 3741 1519 3807 distribuciones

416 3844 736 3926 (emolumentorum
754 3846 876 3929 erased)
896 3866 965 3910 non
983 3846 1199 3921 admittetur,
1217 3865 1279 3909 nec
1296 3846 1440 3910 residere
1457 3865 1519 3929 pro

414 3965 504 4013 anno
522 3947 581 4012 illo
599 3949 826 4031 reputabitur.

417 4074 467 4161 (59
487 4079 532 4159 v.)
582 4077 671 4141 Item
694 4083 868 4143 statutum
888 4084 923 4142 et
947 4078 1145 4144 ordinatum
1168 4084 1220 4142 est
1252 4078 1345 4164 quod
1375 4079 1520 4164 quilibet
1543 4083 1619 4132 Each
1630 4082 1725 4131 Canon

415 4176 605 4245 Canonicus
624 4182 741 4246 volens
760 4182 803 4245 de
821 4202 913 4246 nouo
932 4182 1076 4246 residere
1095 4183 1130 4247 in
1149 4182 1315 4266 principio
1334 4182 1442 4265 prime
1460 4203 1520 4247 sue
1542 4153 1722 4277 tfftffiycssffij

415 4281 607 4360 residencie,
638 4284 731 4349 facta
758 4286 1011 4369 protestacione
1039 4292 1078 4349 vt
1106 4286 1286 4369 prefertur,
1315 4286 1377 4350 xls.
1407 4286 1520 4350 soluat
1534 4308 1600 4370 mon
1615 4294 1684 4370 fund
1698 4309 1728 4370 qr

415 4386 549 4452 realiter
567 4388 762 4453 Camerario
780 4396 899 4454 nostro
918 4390 952 4453 in
972 4397 1197 4473 augmentum
1215 4409 1396 4454 commune
1415 4390 1521 4473 ipsius
1533 4361 1728 4475 Ἕῗέζζξθὴι

416 4490 584 4567 ecclesiae,
621 4512 683 4556 nec
718 4498 799 4556 ante
834 4513 952 4557 veram
987 4491 1196 4557 solucionem
1232 4492 1427 4557 huiusmodi
1462 4513 1522 4577 per

417 4591 525 4675 ipsam
570 4595 641 4680 (sic)
688 4595 823 4660 realiter
866 4596 996 4661 factam
1039 4595 1183 4660 residere
1226 4603 1416 4673 censeatur,
1459 4617 1521 4661 nec

418 4695 679 4764 distribuciones
697 4699 864 4783 percipiat
882 4698 1137 4785 quoquomodo.

486 4850 494 4873 ¹
512 4846 579 4899 This
591 4853 659 4900 note
671 4848 695 4898 is
707 4846 737 4897 in
749 4846 849 4897 alater
861 4846 945 4896 hand.
