3950 5625
794 725 888 790 Acrs
911 744 957 791 or
981 725 1160 793 omnen.
1470 723 1529 789 181

423 904 574 986 predicte
606 925 647 968 ac
679 899 845 989 presentis
878 905 1107 971 ordinacionis
1138 911 1254 970 nostre
1285 910 1456 990 quantum
1489 904 1531 968 de
1579 971 1582 975 ,

422 1006 493 1070 iure
514 1029 697 1092 possumus
719 1009 926 1093 imponimus
947 1030 1027 1074 cum
1048 1010 1183 1085 effectu,
1207 1031 1247 1073 ac
1267 1009 1414 1075 eundem
1435 1007 1530 1072 d’nm

422 1111 590 1176 Thomam
621 1119 656 1176 et
687 1134 896 1178 successores
927 1135 1007 1178 suos
1038 1114 1080 1177 de
1111 1113 1205 1178 dicta
1235 1113 1397 1197 pensione
1427 1111 1531 1176 modo

421 1236 491 1299 quo
511 1217 725 1300 premittitur
743 1218 970 1301 persoluenda
991 1218 1174 1282 efficaciter
1193 1238 1384 1291 oneramus,
1403 1217 1530 1301 ipsum-

422 1339 488 1403 que
505 1327 540 1384 et
557 1320 649 1405 ipsos
667 1328 784 1386 tenore
801 1322 1015 1405 presencium
1032 1343 1212 1386 monemus
1228 1322 1350 1406 primo,
1368 1321 1528 1396 secundo,

422 1429 456 1487 et
485 1425 601 1500 tercio,
632 1432 667 1489 et
697 1426 936 1510 peremptorie,
967 1447 1047 1490 cum
1076 1426 1187 1509 pietas
1216 1426 1361 1490 suadeat
1391 1432 1426 1488 et
1456 1445 1529 1508 pre-

422 1528 602 1593 missorum
650 1530 800 1613 qualitas
848 1530 883 1594 id
930 1537 1105 1614 exposcat,
1153 1536 1193 1593 vt
1241 1530 1329 1593 banc
1375 1536 1530 1593 nostram

422 1632 675 1698 ordinacionem
706 1641 740 1698 et
771 1634 904 1719 singula
934 1641 1100 1698 contenta
1130 1634 1165 1697 in
1196 1633 1326 1709 eadem,
1358 1639 1529 1716 quatenus

422 1757 499 1801 eum
514 1744 548 1801 et
564 1758 621 1802 eos
635 1744 857 1814 concernunt,
874 1738 1064 1822 perficiant,
1081 1738 1258 1822 impleant,
1275 1743 1309 1802 et
1325 1743 1527 1801 conseruent

421 1842 484 1904 sub
511 1862 600 1926 pena
628 1843 1006 1918 excommunicacionis
1035 1863 1141 1927 quam
1168 1862 1210 1905 ex
1238 1863 1329 1906 nunc
1356 1847 1459 1925 prout
1486 1861 1529 1904 ex

422 1950 504 2009 tunc
537 1952 571 2010 et
604 1967 646 2010 ex
680 1953 763 2011 tunc
796 1953 899 2031 prout
931 1967 973 2010 ex
1006 1967 1107 2021 nunc,
1141 1947 1306 2010 canonica
1338 1944 1529 2010 monicione

422 2050 595 2132 premissa,
609 2051 644 2115 in
657 2071 735 2116 eum
747 2058 782 2115 et
794 2071 851 2115 eos
863 2073 903 2115 ac
915 2051 1104 2135 quemlibet
1116 2050 1301 2115 eorundem
1313 2049 1529 2134 singulariter

422 2153 456 2217 in
477 2153 628 2239 singulos
649 2155 677 2219 si
700 2155 895 2219 huiusmodi
917 2160 1033 2219 nostre
1055 2153 1264 2219 ordinacioni
1286 2174 1354 2218 non
1377 2152 1528 2236 paruerit

423 2277 481 2322 seu
494 2259 681 2342 paruerint,
697 2259 900 2343 proferimus
914 2259 949 2322 in
963 2257 1030 2342 hijs
1044 2258 1179 2342 scriptis
1192 2263 1407 2341 sequestrum
1421 2255 1528 2320 eciam

425 2367 590 2438 nostrum,
620 2363 654 2426 in
683 2363 862 2439 fructibus,
892 2362 1093 2437 redditibus,
1123 2369 1158 2426 et
1186 2361 1410 2446 prouentibus
1437 2359 1529 2424 dicte
1556 2369 1663 2417 lncase
1677 2367 1708 2444 th

424 2466 548 2530 vicarie
585 2487 626 2531 ex
663 2488 754 2533 nunc
792 2467 997 2551 inponimus
1046 2467 1078 2531 Si
1117 2467 1230 2531 dictus
1267 2466 1343 2529 d’ns
1380 2465 1529 2529 Thomas
1543 2439 1709 2549 prezqnltlipc

424 2571 569 2635 vicarius
598 2571 782 2636 modemus
810 2592 869 2635 seu
898 2591 1106 2635 successores
1135 2571 1187 2635 sui
1216 2571 1250 2634 in
1279 2571 1373 2634 dicta
1401 2568 1528 2632 vicaria
1547 2582 1707 2682 duellii

424 2674 477 2738 vel
493 2695 611 2740 eorum
630 2675 752 2760 aliquis
770 2675 871 2739 dictis
888 2675 963 2739 loco
981 2681 1016 2738 et
1034 2675 1188 2739 terminis
1206 2674 1260 2738 vel
1278 2694 1395 2738 eorum
1413 2672 1528 2756 aliquo
1541 2649 1709 2766 {aiutheaia

423 2777 456 2843 in
481 2779 653 2845 solucione
678 2780 770 2845 dicte
796 2780 967 2865 pensionis
994 2779 1028 2844 in
1054 2785 1153 2863 parte
1179 2779 1231 2843 vel
1259 2779 1293 2843 in
1317 2783 1392 2843 toto
1418 2778 1525 2864 (67v.)
1542 2769 1709 2885 {gtffifflssj

423 2883 582 2949 defecerit
598 2885 653 2948 vel
669 2884 854 2949 defecerint
870 2905 1011 2968 quoquo
1027 2884 1140 2959 mod0,
1158 2884 1323 2947 canonica
1338 2883 1528 2947 monicione
1702 2874 1709 2885 ”

422 2989 596 3071 premissa,
614 2994 653 3053 vt
671 2989 850 3073 prefertur,
868 2989 1028 3053 volumus
1045 2988 1153 3052 eciam
1170 2994 1204 3051 et
1221 2987 1419 3052 ordinamus
1435 2987 1529 3072 quod

422 3092 595 3175 predictus
858 3094 1009 3157 Thomas
1061 3092 1208 3156 vicarius
1259 3092 1442 3155 modernus
1494 3098 1529 3156 et

423 3196 565 3280 quilibet
594 3199 665 3262 eius
693 3218 865 3262 successor
893 3197 929 3261 in
957 3197 1085 3261 vicaria
1113 3196 1268 3280 predicta
1295 3196 1330 3259 in
1358 3195 1464 3260 futur’
1494 3196 1528 3259 in

422 3321 538 3366 eorum
571 3302 734 3387 primaria
767 3302 998 3384 ad(missione)
1034 3301 1133 3376 iuret,
1168 3301 1271 3364 tactis
1304 3301 1528 3365 sacrosanctis

423 3405 485 3470 Dei
507 3407 704 3491 euangeliis
728 3406 822 3491 quod
844 3407 981 3471 soluant
1004 3405 1134 3469 dictam
1157 3425 1308 3469 annuam
1330 3405 1528 3489 pensionem

422 3510 533 3586 modo,
555 3512 676 3586 torma,
697 3517 732 3575 et
755 3510 908 3575 terminis
929 3510 1092 3595 predictis
1117 3510 1171 3592 (ln
1190 3530 1337 3593 quorum
1359 3509 1525 3593 omnium)

422 3614 657 3679 testimonium
692 3621 798 3699 atque
833 3615 936 3678 fidem
972 3613 1119 3698 sigillum
1154 3620 1312 3678 nostrum
1347 3635 1528 3679 commune

421 3719 635 3801 presentibus
658 3726 709 3783 est
735 3739 935 3804 appensum.
995 3718 1076 3782 Dat.
1093 3718 1127 3782 in
1142 3717 1196 3782 do
1212 3718 1287 3782 n'ra
1301 3718 1382 3802 Cap.
1398 3756 1528 3766 —-
1595 3757 1596 3760 =

422 3822 475 3887 die
500 3824 625 3888 mensis
651 3823 760 3907 Junij,
787 3825 890 3887 Anno
915 3822 997 3887 D'ni
1024 3821 1166 3886 Mill’mo
1191 3821 1528 3908 quadringentesimo

423 3926 593 3992 tricesimo
612 3928 769 4013 septimo.

446 4119 532 4203 (271)
559 4118 734 4202 (Mandate
754 4126 791 4183 to
811 4119 931 4184 induct
952 4125 989 4183 to
1009 4141 1029 4183 a
1049 4113 1208 4203 Canonry
1227 4119 1296 4184 and
1317 4120 1496 4207 Prebend).

510 4273 709 4357 (johannes
740 4273 972 4356 miseracione)
1007 4272 1125 4338 diuina
1156 4273 1248 4337 tituli
1280 4274 1353 4338 S’ce
1385 4276 1528 4340 Balbine
1606 4307 1680 4353 1442,

420 4383 635 4441 sacrosancte
655 4378 809 4442 Romane
828 4378 965 4442 ecclesie
984 4376 1145 4460 prisbiter
1162 4377 1351 4442 Cardinalis
1369 4379 1526 4464 Archiep.
1542 4360 1708 4490 Affi‘l'stffii

422 4479 523 4545 Ebor.
550 4481 682 4565 (Anglie
704 4481 843 4564 primas)
868 4488 903 4545 et
925 4487 1036 4566 apost.
1060 4480 1130 4545 sed.
1154 4481 1298 4565 legatus
1321 4481 1378 4546 dil.
1402 4483 1437 4547 in
1459 4505 1528 4567 xpo

421 4582 498 4667 filijs
522 4585 721 4669 Capitulum
745 4585 824 4648 eccl.
850 4585 922 4648 n’re
947 4584 1070 4668 Colleg.
1098 4584 1164 4648 S'ci
1189 4583 1298 4648 Wilir.
1320 4584 1444 4668 Ripon'
1467 4588 1527 4669 (sa.

421 4707 489 4771 gra.
507 4696 541 4752 et
557 4688 859 4770 be)nediccionem.
921 4687 1010 4771 Quia
1020 4707 1088 4753 uos
1103 4686 1160 4750 dil.
1179 4687 1214 4750 in
1230 4706 1299 4770 xpo
1315 4686 1384 4751 filio
1400 4688 1529 4774 Mag'ro

422 4789 514 4873 Joh’i
548 4792 696 4857 Delaber
729 4792 764 4855 in
798 4790 943 4855 decretis
977 4789 1161 4855 bacallario
1195 4790 1446 4857 Canonicatum
1483 4794 1530 4876 (et
