3950 5625
493 722 555 788 144
777 703 855 768 Tne
880 703 1037 768 luditur
1061 702 1307 768 Manus'cnn’r.

290 881 462 1011 Algshepgpepn
580 884 668 948 Item
704 884 797 969 quod
832 883 1016 948 canonicus
1051 884 1174 948 absens
1208 883 1242 947 in
1277 883 1425 968 negociis
1459 884 1602 948 ecclesie

295 1015 420 1063 rmsrness
434 1019 465 1063 to
492 989 668 1053 euidenter
694 996 728 1052 et
756 988 797 1052 de
824 1009 991 1053 consensu
1017 987 1160 1071 capituli
1186 993 1365 1052 censeatur
1391 987 1537 1052 residere
1565 995 1601 1052 et

301 1086 448 1197 Γξιῗῇῒηὲζ
492 1113 555 1176 pro
576 1093 745 1157 residente
764 1094 943 1158 habeatur.

308 1227 449 1341 llitllffllst·
581 1235 669 1299 Item
694 1235 787 1320 quod
811 1235 996 1299 canonicus
1019 1234 1140 1298 domos
1163 1234 1335 1318 prebende
1358 1255 1417 1298 sue
1441 1235 1476 1298 in
1501 1241 1600 1300 statu

491 1360 561 1423 quo
596 1360 653 1403 cas
689 1340 819 1404 inuenit
855 1339 1035 1414 sustineat,
1072 1345 1106 1402 et
1142 1338 1236 1423 quod
1267 1338 1312 1402 ad
1343 1339 1600 1422 reparacionem

491 1443 676 1507 eanmdem
690 1464 757 1508 non
773 1450 931 1508 teneatur
943 1449 1022 1526 post
1035 1449 1193 1517 mortem,
1208 1442 1272 1507 nisi
1285 1443 1330 1507 ad
1343 1443 1600 1526 reparacionem

490 1547 687 1612 defectuum
707 1548 958 1632 contigencium
979 1555 1133 1630 tempore
1151 1567 1224 1622 suu,
1245 1547 1309 1611 hoc
1328 1553 1483 1630 exceptu,
1504 1547 1599 1632 quod

490 1652 516 1715 si
543 1673 648 1736 quam
674 1652 854 1735 pecuniam
881 1673 901 1715 a
927 1650 1162 1735 predecessore
1188 1651 1362 1735 receperit,
1390 1657 1423 1714 et
1450 1651 1477 1714 si
1504 1651 1599 1716 illam

490 1756 670 1839 pecuniam
699 1757 733 1820 in
762 1755 1016 1839 reparacionem
1045 1775 1105 1819 seu
1134 1754 1387 1819 edificacionem
1416 1754 1600 1821 domorum

490 1859 661 1943 prebende
679 1880 747 1924 non
766 1859 964 1930 comitterit,
984 1859 1078 1923 illam
1098 1859 1276 1924 refundere
1295 1865 1463 1924 teneatur,

318 1999 431 2076 Narque
578 2000 678 2076 Item,
696 2000 789 2085 quod
806 2000 950 2085 quilibet
967 2000 1152 2065 canonicus
1168 2000 1298 2064 soluere
1316 2006 1476 2064 teneatur
1491 2023 1598 2066 vnam

310 2067 442 2198 &Zigssf‘s'f'e
489 2126 611 2189 capam
637 2105 824 2188 preciosam
850 2104 976 2168 valoris
1002 2127 1023 2168 x
1049 2125 1152 2168 marc.
1179 2105 1213 2168 in
1239 2105 1314 2169 vita
1339 2126 1411 2180 sua,
1437 2126 1544 2189 quam
1570 2107 1598 2170 si

489 2229 557 2273 non
577 2208 715 2273 soluerit
734 2209 768 2273 in
787 2209 871 2279 vita.
891 2208 1004 2272 soluat
1023 2215 1101 2292 post
1120 2215 1266 2272 mortem
1285 2230 1307 2272 x
1325 2208 1358 2273 li.

286 2306 475 2370 Cope-money
878 2350 883 2362 .
1015 2350 1020 2362 .
1165 2350 1170 2362 .
1572 2352 1578 2364 .

294 2376 325 2421 to
341 2374 374 2421 be
388 2374 456 2422 used
578 2351 677 2426 Item,
706 2350 799 2435 quod
827 2349 1022 2415 huiusmodi
1050 2371 1195 2434 pecunia
1222 2350 1387 2415 soluenda
1413 2372 1476 2434 pro
1502 2373 1598 2436 capis

274 2440 472 2555 ῑῗρζξῐξῗῃῗζῑό
488 2455 588 2519 cedat
609 2456 642 2519 in
662 2476 762 2520 vsum
782 2476 945 2539 caparum
965 2461 999 2518 et
1016 2455 1301 2519 vestimentorum
1317 2455 1454 2519 ecclesie
1469 2461 1596 2521 nostre.

287 2607 466 2656 Servtcestor
578 2599 666 2662 Item
693 2598 787 2683 quod
813 2597 967 2682 quolibet
994 2617 1109 2661 mense
1136 2617 1205 2661 vno
1232 2597 1296 2672 die,
1323 2619 1393 2683 quo
1418 2599 1597 2662 comodius

301 2675 449 2790 Atqqpltan
489 2702 560 2766 fieri
572 2702 710 2786 poterit,
723 2702 808 2766 fiant
821 2702 1012 2786 solempnes
1024 2703 1166 2787 exequie
1180 2703 1213 2767 in
1227 2704 1330 2767 choro
1340 2723 1403 2787 pro
1415 2704 1597 2769 animabus

284 2809 377 2857 others
395 2822 462 2857 0³00
489 2806 683 2872 Athelstani
717 2806 818 2893 Regis
849 2814 884 2871 et
915 2807 1060 2872 aliorum
1092 2807 1225 2893 Regum
1257 2815 1291 2872 et
1322 2807 1524 2891 pontificum
1556 2832 1598 2901 uc
1663 2884 1667 2894 Ι

304 2892 320 2924 a
337 2876 442 2924 month.
603 2912 608 2923 .
1034 2907 1036 2910 .
1191 2913 1196 2923 .

489 2932 730 2976 canonicorum
750 2918 784 2975 et
803 2912 1062 2976 benefactorum
1081 2912 1218 2976 ecclesie
1237 2918 1362 2977 nostre.

283 3057 376 3105 (tlerks
390 3061 420 3105 to
433 3057 467 3103 be
577 3051 677 3126 Item,
706 3050 800 3135 quod
828 3050 938 3115 clerici
966 3057 1000 3114 et
1029 3051 1085 3115 alii
1113 3051 1260 3115 ministri
1288 3052 1425 3116 ecclesie
1453 3053 1595 3117 honeste

275 3127 475 3254 {ffiffiestss'
489 3176 523 3219 se
552 3162 672 3241 gerant
703 3175 781 3240 erga
810 3156 1046 3238 parochianos,
1077 3176 1139 3220 nec
1169 3156 1301 3240 aliquos
1331 3157 1475 3221 rithmus
1504 3179 1595 3223 com-

292 3259 346 3307 ano
362 3261 411 3305 not
427 3261 457 3305 to
488 3266 620 3342 ponant
658 3260 713 3323 vel
750 3261 856 3323 verba
894 3260 1075 3324 inhonesta
1113 3266 1147 3323 et
1186 3262 1408 3343 opprobriosa
1446 3262 1594 3327 inferant

273 3337 472 3440 fflffiffffiges,
489 3365 662 3429 sutoribus
698 3364 752 3427 vel
789 3363 863 3427 aliis
899 3364 1087 3428 artificibus
1123 3364 1212 3439 ville,
1250 3371 1285 3428 et
1321 3366 1348 3428 si
1385 3367 1595 3432 contrarium

489 3470 714 3550 expellantur.

285 3639 352 3686 Nota
367 3637 396 3685 de
410 3651 465 3685 exe·
577 3629 677 3703 Item,
699 3627 793 3712 quod
812 3627 967 3712 quolibet
988 3648 1080 3692 anno
1100 3627 1154 3691 die
1177 3627 1298 3711 (blank)
1322 3630 1447 3694 mensis
1470 3630 1591 3713 (blank)

284 3719 417 3835 ffifiie‘qe'
429 3710 467 3817 25¹0
489 3733 575 3797 fiant
595 3732 767 3817 generales
788 3738 822 3795 et
843 3732 1035 3815 solempnes
1056 3732 1198 3816 exequie
1219 3731 1413 3797 Athelstani
1437 3734 1539 3819 Regis
1559 3736 1594 3800 in

320 3843 342 3886 et
357 3838 428 3899 arip.
489 3837 614 3922 quibus
655 3836 862 3901 conueniant
905 3836 949 3900 ad
991 3836 1167 3901 ecclesiam
1209 3856 1327 3900 omnes
1369 3838 1516 3923 fugitiui,
1559 3846 1593 3903 et

489 3941 709 4025 solempniter
730 3941 908 4006 classicum
930 3942 1078 4025 pulsent,
1102 3948 1136 4005 et
1158 3942 1192 4006 in
1214 3942 1318 4005 missa
1340 3941 1509 4018 offerant;
1534 3944 1592 4027 qui

488 4066 569 4109 vero
588 4047 711 4109 absens
723 4045 842 4143 ¹soluat
861 4045 990 4110 fabrice
1008 4045 1092 4127 xijd.

283 4210 327 4258 No
337 4210 463 4273 laynam
576 4199 676 4273 Item,
701 4198 794 4283 quod
817 4200 930 4264 nullus
953 4199 1059 4264 laicus
1082 4206 1117 4263 et
1140 4200 1290 4263 maxime
1313 4200 1479 4285 fugitiuus
1502 4221 1592 4264 com-

285 4275 465 4405 fflssssaaily
488 4303 638 4367 munitet
679 4323 774 4367 arma
816 4309 941 4387 portet,
984 4324 1047 4368 nec
1088 4311 1232 4387 reponat
1274 4304 1363 4369 infra
1405 4305 1591 4380 ecclesiam,

315 4424 390 4465 man,
404 4409 427 4457 is
488 4407 647 4472 videlicet
678 4408 853 4491 sparthis,²
881 4407 1032 4482 baculos,
1060 4406 1114 4470 vel
1142 4406 1287 4483 lanceas,
1319 4408 1413 4493 quod
1440 4409 1467 4471 si
1500 4409 1591 4483 fecit,

294 4475 453 4537 commonly
634 4511 639 4523 ,
885 4511 890 4523 ,
1061 4511 1066 4522 ,

319 4548 349 4592 to
363 4543 429 4591 bear
488 4511 613 4576 cedant
632 4532 665 4575 m
685 4531 785 4575 vsum
805 4511 932 4575 fabrice
951 4511 1098 4575 ecclesie.

286 4623 415 4673 weapons
429 4622 459 4656 or
490 4652 596 4658 .—

272 4676 349 4725 leave
358 4676 435 4725 them
444 4675 471 4723 5¹¹
558 4697 564 4719 ¹
586 4692 609 4738 Λ
621 4691 696 4739 word
710 4688 827 4751 illegible
841 4689 911 4737 here.

284 4745 332 4793 the
347 4742 457 4792 ⁰¹¹¹¹r⁰h'
557 4788 566 4809 ²
586 4784 608 4830 Α
622 4782 718 4846 sparth
733 4796 788 4828 was
802 4796 818 4828 a
831 4779 897 4829 staff
909 4780 978 4828 with
992 4793 1027 4827 an
1041 4791 1093 4826 axe
1106 4776 1177 4825 head
1192 4779 1356 4844 (Ducange).
