3950 5625
455 732 520 796 230
741 715 820 779 Tne
845 715 1001 779 Incner
1025 713 1271 779 Manuscrner.

456 895 530 978 Ego
546 893 691 957 Will¹ms
709 894 876 957 Poteman
894 893 1085 957 Canonicus
1103 892 1193 957 Eccl.
1213 892 1294 957 Coll.
1314 913 1354 956 ac
1371 891 1559 976 prebenda-

456 997 526 1062 rius
543 1004 577 1061 et
595 998 756 1082 pacificus
773 1017 945 1081 possessor
962 997 1133 1081 prebende
1151 997 1193 1061 de
1211 996 1359 1061 Nunwik
1376 996 1413 1060 in
1430 996 1559 1069 eadem,

459 1102 531 1165 Isto
552 1102 616 1176 die,
639 1102 703 1166 viz.
727 1101 888 1165 vicesimo
911 1122 1003 1165 nono
1023 1101 1148 1165 mensis
1173 1100 1302 1184 Marcii,
1324 1099 1400 1184 iiij*o
1422 1100 1487 1164 viz.
1510 1099 1562 1163 die

457 1211 536 1289 post
566 1206 692 1270 festum
722 1205 1010 1270 Annunciacionis
1039 1207 1140 1269 beate
1171 1189 1275 1269 Marie
1305 1204 1464 1288 Virginis,
1495 1225 1562 1288 quo

457 1310 646 1375 secundum
688 1310 986 1394 computacionem
1029 1309 1166 1374 ecclesie
1208 1309 1394 1393 Anglicane
1437 1308 1563 1392 incepit

458 1436 569 1479 annus
595 1414 676 1478 D'ni
701 1413 976 1497 mcccclxxviij⁰⁸,
1006 1414 1045 1478 ln
1072 1414 1221 1497 presenti
1247 1414 1359 1484 domo
1375 1411 1562 1496 Capitulari

458 1518 536 1583 eccl.
562 1518 713 1602 predicte
736 1518 959 1602 personaliter
980 1524 1153 1602 protestor
1174 1519 1289 1602 palam
1312 1523 1347 1581 et
1370 1516 1508 1601 puplice
1530 1516 1563 1580 in

458 1623 525 1706 hijs
554 1623 699 1707 scriptis,
730 1623 824 1706 quod
854 1622 1076 1687 residenciam
1106 1643 1219 1687 meam
1249 1621 1491 1686 canonicalem
1522 1621 1563 1685 ad

458 1728 522 1791 Dei
543 1727 679 1791 laudem
701 1732 736 1790 et
757 1728 920 1791 honorem
942 1727 1033 1791 dicte
1054 1727 1191 1791 ecclesie
1212 1733 1246 1790 et
1268 1728 1451 1790 beatorum
1473 1725 1564 1789 Petri

458 1831 549 1915 Ap'li
569 1838 604 1895 et
624 1831 771 1895 Wilfridi
792 1831 999 1895 Coniessoris
1020 1831 1166 1915 incipere
1187 1837 1222 1894 et
1243 1830 1402 1914 perficere
1422 1829 1565 1895 intendo

458 1936 556 2000 iuxta
587 1936 692 2020 ipsius
723 1935 859 1999 ecclesie
892 1935 1038 2019 Riponie
1068 1940 1204 2000 statuta
1234 1942 1269 1999 et
1299 1934 1566 1999 consuetudines

456 2040 655 2116 laudabiles
679 2041 899 2123 approbatas
923 2046 958 2104 et
980 2041 1146 2104 hactenus
1168 2039 1325 2104 vsitatas

455 2227 504 2291 80.
573 2221 660 2302 (329)
697 2219 932 2283 Conuocncro
960 2235 1163 2282 censearis
1190 2235 1339 2281 oumun
1367 2235 1414 2282 Er
1441 2236 1566 2282 srncu-

501 2341 625 2387 ronun
662 2340 924 2387 canoniconun
962 2339 1133 2386 ECCLESIE
1169 2322 1397 2386 cornuorum
1435 2322 1565 2387 R1P0u’

500 2445 632 2492 remen
655 2444 876 2501 correnum,
900 2443 974 2490 vua
996 2444 1071 2490 con
1094 2443 1262 2490 srururrs
1284 2443 1329 2490 Er
1350 2443 1566 2503 oureusonn

501 2549 813 2596 ounmncmumus
851 2549 889 2594 m
928 2547 1054 2594 EADEM
1093 2548 1212 2594 eorus
1249 2548 1295 2594 vr
1331 2547 1443 2593 mana
1482 2549 1566 2596 cou-

501 2654 671 2701 immun.

546 2779 688 2844 Statuta
716 2785 750 2843 et
778 2777 1022 2843 ordinaciones
1072 2778 1113 2842 In
1140 2777 1390 2842 conuocacione
1418 2777 1567 2863 generali

458 2905 519 2968 per
542 2884 770 2968 presidentem
794 2890 829 2947 et
853 2904 970 2947 omnes
995 2888 1029 2946 et
1050 2882 1200 2966 singulos
1223 2882 1404 2946 canonicos
1429 2883 1568 2947 ecclesie

459 2988 642 3073 Collegiate
663 2988 799 3072 Ripon'‚
821 2987 979 3050 videlicet
1001 2986 1184 3071 Magistros
1204 2985 1341 3068 Joh’em
1361 2986 1509 3051 Sendale
1528 2987 1569 3050 de

458 3092 604 3176 Thorpe,
622 3092 759 3175 Joh'em
779 3076 872 3155 Clere
888 3091 930 3154 de
947 3090 1212 3175 StaynewiggeS,
1230 3089 1368 3172 Joh'em
1385 3091 1569 3155 Suthwelle

459 3198 501 3262 de
538 3197 717 3271 Monkton,
755 3195 863 3259 D'nos
901 3195 1093 3258 Robertum
1131 3194 1284 3279 Baguley
1320 3194 1362 3258 de
1399 3194 1568 3268 Sharmw,

460 3302 684 3386 Radulphum
713 3299 864 3383 Longley
893 3300 934 3361 de
963 3298 1162 3374 Geuendall,
1192 3305 1227 3362 et
1256 3298 1425 3362 Thomam
1455 3299 1570 3363 Butbe

459 3406 501 3471 de
527 3405 706 3480 Nunwike,
734 3403 991 3477 PrebendariOS‚
1020 3403 1134 3466 Primo
1160 3403 1214 3467 die
1240 3403 1365 3467 mensis
1391 3385 1567 3487 Septemb.

460 3614 611 3699 predicte
640 3612 882 3677 conuenientes
911 3617 946 3674 et
975 3611 1174 3695 Capitulum
1204 3611 1368 3675 facientes
1396 3611 1569 3677 celebrata

461 3718 668 3783 auctoritate
690 3717 797 3780 eciam
817 3736 984 3779 consensu
1005 3721 1040 3778 et
1062 3736 1201 3779 assensu
1224 3712 1410 3779 Reuerenmi
1431 3715 1467 3780 in
1490 3716 1570 3799 Xpo

461 3821 569 3907 patris
599 3827 633 3884 et
663 3820 734 3884 d'ni
765 3820 836 3884 d'ni
865 3819 968 3884 Will'i
1000 3820 1219 3903 permissione
1249 3820 1368 3884 diuina
1397 3819 1569 3905 Archiep’i

462 3928 565 3991 Ebor.
595 3925 715 4009 Anglie
743 3925 910 4008 primatis
940 3930 975 3987 et
1004 3924 1190 4008 apostolice
1217 3924 1306 3988 sedis
1333 3923 1438 4009 legati
1467 3925 1502 3989 in
1530 3946 1569 3989 ea

461 4036 560 4115 parte
594 4029 768 4103 adhibitis
804 4029 846 4093 de
880 4049 998 4092 eorum
1032 4028 1205 4092 communi
1240 4028 1380 4092 consilio
1414 4029 1569 4094 vnanimi

461 4155 627 4200 consensu
661 4140 695 4197 et
729 4133 888 4197 concordi
923 4153 1073 4206 assensu,
1110 4132 1259 4196 Fulcone
1294 4133 1568 4217 Bermyngeham

461 4239 631 4303 Canonico
661 4244 696 4301 et
727 4236 956 4301 Prebendario
987 4243 1117 4300 asserto
1147 4237 1189 4301 de
1219 4236 1381 4319 Stodeley
1411 4237 1446 4300 in
1476 4238 1569 4301 dicta

460 4343 610 4417 ecclesia,
646 4342 691 4406 ad
726 4340 896 4424 predictos
931 4340 1023 4404 diem
1058 4348 1092 4403 et
1127 4341 1240 4405 locum
1275 4340 1426 4425 legitime
1461 4341 1568 4405 citato

459 4447 676 4532 preconizato
706 4450 889 4528 expectato
919 4444 1081 4528 nulloque
1109 4444 1212 4508 modo
1235 4450 1478 4529 comparente¹
1509 4444 1567 4509 sed

459 4572 519 4635 per
548 4550 801 4615 contumaciam
832 4550 974 4613 absente
1006 4550 1191 4613 dumtaxat
1223 4556 1378 4632 excepto,
1410 4548 1505 4613 edita
1533 4554 1567 4612 et

459 4656 553 4720 facta
570 4654 722 4719 seriatim
741 4658 934 4737 sequuntur
951 4652 987 4716 in
1006 4653 1068 4717 hec
1087 4654 1202 4717 verba.

530 4812 537 4834 ¹
557 4807 614 4857 MS.
629 4807 706 4857 looks
719 4805 773 4854 like
788 4812 804 4831 “
814 4811 869 4872 cop
880 4804 895 4823 ’'
911 4804 939 4853 in
953 4818 1005 4853 oue
1019 4803 1082 4862 line,
1097 4804 1153 4854 and
1169 4810 1184 4825 ‘¹
1195 4804 1248 4853 dee
1258 4803 1274 4822 ''
1289 4802 1318 4852 in
1332 4804 1380 4853 the
1393 4810 1469 4853 next.
