3950 5625
776 692 871 757 Acrs
894 708 940 756 or
962 687 1142 755 enimn.
1309 693 1312 699 '
1450 705 1513 771 271

404 872 489 948 bris,
513 872 615 936 Anno
642 871 722 936 D‘ni
750 871 892 936 Mill’mo
918 879 1037 935 ccccm0
1060 868 1095 932 lx
1123 873 1232 943 sext0,
1254 873 1289 931 et
1313 888 1403 932 anno
1423 867 1516 953 regni

406 976 513 1062 Regis
535 976 695 1042 Edwardi
719 976 834 1061 quarti
855 982 955 1040 sexto
976 994 1085 1059 nuper
1105 973 1333 1038 concessimus
1357 973 1515 1056 Capitulo

405 1079 488 1145 eccl.
520 1079 642 1165 Colleg.
675 1080 717 1144 de
753 1079 878 1164 Ripon’
910 1085 945 1143 et
973 1097 1090 1142 eorum
1117 1077 1366 1141 successoribus
1392 1077 1515 1160 imper-

404 1189 552 1269 petuum
582 1184 757 1268 quendam
784 1204 938 1248 annuum
970 1181 1143 1246 redditum
1174 1180 1291 1246 decem
1322 1202 1515 1246 marcarum

407 1289 459 1368 (as
477 1287 516 1352 in
535 1288 637 1353 Mem.
658 1287 750 1372 Rip„
771 1288 798 1363 I,
821 1286 1011 1371 173-181).1

512 1454 599 1539 (356)
629 1455 754 1538 (Royal
778 1455 903 1519 licence
928 1454 981 1517 lor
1005 1452 1178 1517 Sendale’s
1202 1452 1398 1537 Chantry).2

406 1611 449 1675 9³
468 1616 500 1660 V·
547 1597 737 1663 Edwardus
757 1598 820 1661 Dei
840 1618 909 1682 gra.
933 1595 1007 1659 Rex
1030 1594 1150 1680 Anglie
1169 1601 1203 1658 et
1223 1596 1365 1660 Francie
1384 1605 1418 1661 et
1438 1598 1515 1662 d’ns

408 1703 584 1778 Hibemie,
609 1703 768 1767 omnibus
791 1702 836 1766 ad
859 1722 945 1786 quos
968 1707 1142 1784 presentes
1166 1700 1261 1765 litere
1285 1703 1512 1785 peruenerint‚
1620 1706 1625 1716 '
1665 1681 1685 1716 ⁸

406 1808 565 1873 salutem.
614 1808 736 1872 Sciatis
761 1807 855 1892 quod
881 1828 922 1871 ex
948 1814 1042 1871 certa
1067 1807 1212 1871 sciencia
1237 1812 1271 1869 et
1298 1826 1391 1870 mero
1416 1813 1514 1871 motu

406 1913 544 1987 nostris,
560 1912 602 1976 de
616 1912 731 1997 gracia
745 1918 863 1976 nostra
877 1912 1024 1995 speciali,
1041 1919 1075 1975 et
1091 1912 1135 1976 ad
1149 1911 1286 1976 laudem
1301 1918 1336 1974 et
1350 1912 1514 1976 honorem

407 2015 473 2079 Dei
499 2022 534 2079 et
560 2016 703 2101 gloriose
730 2016 876 2100 Virginis
904 2016 1009 2080 Marie
1036 2017 1156 2081 matris
1182 2017 1264 2091 eius,
1292 2016 1514 2101 omniumque

406 2119 623 2195 Sanctorum,
672 2119 899 2184 concessimus
947 2127 981 2184 et
1028 2121 1205 2185 licenciam
1251 2121 1408 2185 dedimus
1455 2142 1515 2206 per

405 2232 581 2309 presentes
598 2244 661 2309 pro
678 2225 776 2289 nobis
794 2230 829 2287 et
847 2224 959 2289 hered.
980 2226 1072 2301 n'ris‚
1091 2232 1263 2310 quantum
1281 2226 1315 2290 in
1333 2226 1432 2290 nobis
1449 2233 1512 2302 est,

406 2329 559 2413 Johanni
581 2329 735 2404 Sendale,
760 2329 891 2406 clerico,
915 2331 1080 2394 canonico
1102 2330 1192 2393 Eccl.
1217 2329 1297 2394 Coll.
1322 2330 1364 2393 de
1387 2329 1512 2414 Ripon’

404 2433 440 2497 in
463 2433 555 2498 Com.
580 2435 696 2509 Ebor.‚
719 2434 813 2518 quod
835 2434 906 2517 ipse
928 2435 982 2498 vel
1005 2440 1203 2498 executores
1225 2434 1288 2509 sui,
1312 2455 1372 2498 seu
1394 2455 1512 2499 eorum

405 2537 512 2623 aliqui
535 2539 590 2602 vel
614 2539 746 2623 aliquis
772 2540 817 2603 ob
841 2539 1022 2623 specialem
1046 2539 1269 2603 deuocionem
1292 2560 1398 2623 quam
1422 2539 1512 2603 idem

406 2643 525 2726 Joh'es
543 2645 648 2708 habet
667 2644 711 2708 ad
731 2644 894 2708 Sanctam
914 2645 1055 2708 Petrum
1074 2649 1109 2706 et
1130 2643 1276 2707 Paulum
1295 2665 1335 2707 ac
1353 2651 1513 2708 sanctum

406 2746 612 2825 Willridum,
631 2769 737 2812 vnam
754 2749 945 2814 cantariam
963 2755 1166 2835 perpetuam
1183 2749 1225 2812 de
1243 2770 1312 2814 vno
1329 2748 1512 2833 Capellano

405 2860 572 2938 perpetuo
612 2854 729 2918 diuina
770 2855 803 2918 in
844 2856 934 2919 Eccl.
978 2854 1061 2919 Coll.
1103 2853 1257 2937 predicta
1296 2873 1358 2937 pro
1398 2855 1513 2919 anima

405 2957 488 3022 dicti
518 2958 686 3040 Johannis
715 2965 750 3022 et
780 2959 960 3023 animabus
984 2958 1138 3023 omnium
1167 2979 1229 3042 pro
1252 2958 1377 3042 quibus
1400 2959 1513 3024 dictus

405 3063 523 3147 Joh’es
552 3084 691 3128 exorare
720 3070 867 3139 tenetur,
898 3085 937 3128 ac
967 3064 1148 3128 animabus
1177 3063 1332 3127 omnium
1360 3063 1512 3129 fidelium

405 3168 656 3242 defunctorum,
683 3168 782 3232 iuxta
807 3168 1061 3233 ordinacionem
1086 3168 1239 3232 eiusdem
1265 3168 1433 3250 Johannis
1458 3170 1513 3234 vel

406 3279 630 3337 executorum
663 3292 803 3337 suorum
837 3279 897 3338 aut
925 3294 1049 3338 eorum
1083 3273 1275 3356 aliquorum
1308 3272 1362 3336 vel
1395 3294 1513 3339 eorum

405 3377 547 3442 alicuius
562 3378 597 3442 in
613 3377 677 3442 hac
693 3383 791 3462 parte
807 3378 1000 3442 faciendam
1016 3379 1229 3442 celebraturo
1245 3380 1510 3462 imperpetuum,

407 3481 526 3558 lacere,
561 3482 715 3557 fundare,
750 3482 885 3566 erigere,
920 3482 1082 3556 stabilire,
1117 3488 1152 3545 et
1184 3501 1297 3544 creare
1330 3488 1443 3564 posset
1477 3489 1511 3547 et

406 3587 548 3671 possint,
563 3592 598 3650 et
610 3585 704 3671 quod
717 3585 811 3651 dicta
824 3585 986 3651 Cantaria
999 3586 1034 3649 in
1048 3585 1138 3650 Eccl.
1154 3584 1307 3668 predicta
1321 3585 1510 3662 fundanda,

406 3711 484 3756 cum
524 3697 647 3766 erecta,
688 3697 814 3767 creata,
855 3691 1013 3765 lundata,
1054 3696 1089 3754 et
1128 3689 1283 3753 stabilita
1323 3690 1435 3766 luerit,
1477 3697 1511 3756 et

406 3816 613 3860 successores
631 3795 683 3859 sui
701 3795 874 3880 Capellani
893 3794 1052 3859 Cantarie
1070 3794 1159 3857 illius
1176 3793 1245 3857 sint
1263 3814 1371 3857 vnum
1389 3815 1512 3878 corpus

407 3907 611 3984 perpetuum
631 3900 664 3964 in
685 3920 719 3963 re
738 3907 772 3963 et
789 3900 936 3974 nomine,
951 3920 991 3962 ac
1007 3917 1149 3982 persone
1167 3898 1298 3961 habiles
1316 3904 1350 3963 et
1369 3919 1512 3983 capaces

407 4004 441 4068 in
464 4004 536 4089 lege
561 4004 605 4068 ad
630 4004 844 4088 perquirend.
872 4010 979 4068 terras
1004 4010 1038 4066 et
1064 4007 1271 4077 tenementa,
1299 4003 1452 4068 redditus
1476 4010 1511 4067 et

407 4114 611 4175 annuerates
645 4108 679 4172 in
714 4108 814 4172 leodo
849 4114 884 4171 et
922 4107 1163 4191 perpetuitate,
1200 4107 1349 4170 tenenda
1382 4108 1446 4171 sibi
1477 4115 1510 4172 et

407 4213 655 4278 successoribus
684 4212 753 4277 suis
783 4213 1047 4295 imperpetuum,
1079 4211 1299 4293 habeantque
1329 4218 1363 4274 et
1394 4232 1512 4276 eorum

407 4318 551 4401 quilibet
570 4318 697 4381 habeat
716 4315 963 4380 successionem
982 4321 1195 4399 perpetuam,
1216 4319 1250 4375 et
1269 4315 1363 4397 quod
1383 4317 1513 4400 primus
