3950 5625
422 710 483 774 126
706 710 784 774 THE
810 711 965 775 Iuoussr
990 711 1235 779 Munuscrurr.

417 888 567 964 clericus
590 890 834 973 prebendarius
854 890 1026 974 prebende
1047 891 1112 955 S'ci
1135 891 1307 956 Michaelis
1328 892 1363 956 in
1384 894 1532 958 ecclesia

417 993 596 1076 collegiata
621 994 685 1057 S’ci
711 995 821 1076 Joh’is
846 995 1018 1059 Beuerlac’
1045 1001 1079 1058 et
1103 996 1274 1079 prebende
1299 996 1340 1059 de
1365 997 1531 1082 Nonwyk

418 1097 451 1160 in
481 1097 573 1162 dicta
602 1099 740 1163 ecclesia
768 1100 810 1163 de
840 1099 987 1183 Rypon',
1018 1106 1052 1163 et
1080 1100 1193 1163 Adam
1221 1101 1420 1176 Fenrother,
1451 1124 1529 1186 pre-

418 1202 600 1266 bendarius
614 1204 784 1286 prebende
798 1205 915 1268 altaris
929 1204 994 1268 S'ci
1008 1204 1130 1286 Jacobi
1144 1206 1178 1268 in
1192 1206 1331 1270 ecclesia
1344 1207 1531 1292 collegiata

418 1306 483 1370 S'ci
516 1307 626 1389 Joh'is
660 1309 845 1384 Beuerlaci,
879 1309 1044 1393 predicta,
1079 1309 1243 1374 beneficia
1275 1331 1337 1375 sua
1369 1313 1531 1394 predicta

417 1411 610 1487 intendant,
641 1420 679 1477 ut
708 1421 875 1488 asserunt,
905 1415 1098 1479 adinuicem
1126 1416 1288 1480 canonice
1316 1424 1528 1499 permutare,

261 1515 343 1591 beno
363 1515 392 1592 of
418 1516 462 1579 Et
487 1537 549 1579 nos
573 1517 702 1581 dictam
726 1518 936 1601 prebendam
960 1520 1002 1583 de
1027 1520 1185 1605 Nonwyk
1209 1522 1243 1585 in
1268 1522 1360 1586 dicta
1376 1522 1530 1586 ¹ecclesia

264 1583 459 1698 ffiffgfde
486 1620 621 1705 Rypon'
649 1622 693 1686 ad
719 1629 873 1686 nostram
898 1623 1123 1689 donacionem
1148 1631 1364 1709 spectantem
1390 1626 1529 1690 racione

261 1717 400 1832 zm&
417 1726 659 1809 temporalium
686 1726 1009 1810 Archiepiscopatus
1037 1731 1139 1794 Ebor.
1169 1751 1279 1814 nuper
1304 1731 1464 1794 vacantis
1492 1737 1529 1795 et

417 1830 450 1893 in
465 1851 570 1895 manu
585 1837 701 1894 nostra
716 1831 904 1906 existentis,
920 1833 1054 1916 prefato
1068 1834 1142 1897 Ade
1155 1855 1197 1898 ex
1211 1855 1314 1899 causa
1328 1834 1528 1898 huiusmodi

416 1935 682 2017 permutacionis
730 1935 882 1999 faciende
928 1935 1122 2002 dederimus
1167 1946 1202 2002 et
1247 1939 1526 2015 concesserimus,

418 2039 575 2104 Habend.
599 2060 676 2104 cum
698 2040 767 2104 suis
788 2040 918 2104 iuribus
940 2047 974 2104 et
996 2042 1216 2126 pertinencijs
1237 2043 1526 2127 quibuscumque,

416 2151 518 2228 prout
543 2144 576 2208 in
601 2145 706 2208 literis
729 2146 855 2209 nostris
878 2147 1079 2229 patentibus
1102 2146 1180 2210 inde
1204 2146 1368 2210 confectis
1391 2146 1527 2230 plenius

416 2249 621 2323 continetur,
643 2249 748 2313 Vobis
768 2249 973 2313 mandamus
993 2251 1086 2334 quod
1106 2251 1216 2315 eidem
1236 2251 1309 2314 Ade
1329 2251 1470 2315 stallum
1491 2252 1526 2315 in

415 2355 519 2418 choro
548 2362 581 2418 et
611 2355 723 2419 locum
752 2355 786 2418 in
816 2355 968 2438 capitulo
998 2356 1132 2419 racione
1161 2356 1252 2419 dicte
1281 2355 1453 2438 prebende
1482 2356 1525 2419 de

417 2457 574 2542 Nonwyk
604 2479 645 2522 ex
674 2479 777 2523 causa
806 2458 960 2542 predicta
989 2465 1092 2544 prout
1120 2460 1224 2523 moris
1253 2465 1303 2523 est
1333 2459 1522 2543 assignetis.

416 2563 516 2627 Teste
534 2584 587 2627 me
606 2565 679 2647 ipso
697 2563 790 2648 apud
807 2563 949 2628 Westm.
970 2585 1017 2627 xv
1035 2563 1089 2626 die
1107 2562 1292 2627 Nouembr.
1312 2563 1413 2626 Anno
1431 2564 1524 2647 regni

417 2669 523 2732 nostri
543 2668 704 2732 vicesimo
724 2668 843 2752 primo

420 2850 506 2931 (203)
527 2849 687 2913 Mourcro
703 2866 815 2913 rAcrA
832 2848 919 2912 n'uo
934 2848 1034 2931 Jou'r
1052 2848 1201 2911 Murum
1216 2848 1271 2911 AL’
1290 2865 1419 2912 urcrus
1436 2849 1524 2912 Etr.

506 2991 765 3055 Memorandum
785 2990 879 3074 quod
898 2997 1024 3074 quarto
1044 2990 1098 3053 die
1118 2990 1316 3054 Decembris
1335 3010 1426 3054 anno
1446 2988 1526 3052 D'ni

279 3076 316 3109 ‘⁸⁰'
332 3098 356 3108 ''
419 3095 596 3158 Millesimo
633 3108 732 3158 ccc¹¹¹0
768 3094 988 3178 nonogesimo
1030 3113 1132 3167 non0‚
1171 3093 1300 3177 Mag'ro
1334 3092 1447 3158 Will'o
1483 3092 1525 3155 de

418 3199 542 3263 Cawod
569 3205 603 3262 et
629 3198 710 3261 d'no
736 3198 836 3280 Joh'e
863 3198 904 3261 de
932 3198 1036 3273 Dene‚
1065 3198 1243 3262 Canonicis
1269 3196 1418 3281 Capituli
1445 3197 1523 3261 eccl.

418 3304 539 3387 Colleg.
565 3302 701 3386 Rypon’
726 3302 969 3385 Capitulariter
990 3302 1213 3387 congregatis,
1237 3302 1430 3385 comparuit
1452 3321 1525 3384 per-

417 3408 580 3472 sonaliter
596 3427 710 3470 coram
728 3406 855 3470 eisdem
873 3406 948 3470 d'ns
966 3408 1084 3489 Joh'es
1102 3407 1236 3490 Mepall,
1255 3406 1403 3471 vicarius
1420 3405 1523 3479 chori,

417 3534 519 3598 quem
538 3511 676 3596 quidem
686 3497 790 3574 'd'nm
809 3512 951 3593 Joh'em¹
965 3512 1089 3596 Mepall
1107 3511 1220 3576 dictus
1238 3511 1401 3595 Magister
1417 3509 1525 3574 Will’s

417 3618 458 3681 de
491 3616 615 3681 Cawod
647 3636 749 3699 super
780 3617 951 3680 nonnullis
983 3617 1135 3681 articulis
1167 3616 1352 3700 impetiuit,
1385 3621 1420 3679 et
1452 3635 1524 3698 pre·
1588 3631 1593 3638 “

417 3722 533 3786 sertim
552 3741 653 3804 super
671 3740 710 3783 eo
728 3720 821 3803 quod
840 3720 952 3803 plures
974 3721 1044 3805 (sic)
1066 3728 1099 3785 et
1117 3721 1219 3796 nimis
1238 3721 1436 3804 frequenter
1452 3739 1525 3783 sea

416 3828 519 3891 choro
551 3824 760 3899 absentauit,
793 3824 933 3889 licencia
965 3847 1034 3889 non
1066 3826 1177 3909 petita
1208 3845 1270 3889 nec
1302 3825 1457 3899 obtenta,
1490 3829 1524 3886 et

416 3931 509 4016 qnod
536 3930 661 3996 diuinis
688 3928 808 4013 officijs
834 3929 868 3992 in
896 3931 999 3993 choro
1025 3937 1128 4014 prout
1156 3929 1275 3993 debuit
1302 3928 1526 4013 personaliter

416 4057 484 4100 non
514 4034 681 4110 interluit,
713 4034 964 4118 propositisque
993 4036 1202 4097 verbotenus
1230 4032 1439 4116 quibusdam
1468 4051 1524 4095 ex-

416 4140 653 4205 cusacionibus
681 4160 741 4223 per
767 4140 880 4223 ipsum
908 4138 1004 4201 d'nm
1031 4137 1168 4219 Joh'em
1196 4137 1297 4201 iactis
1325 4135 1462 4200 ireuolis
1490 4141 1530 4198 et

418 4244 609 4309 imbricatis
629 4243 712 4325 (sic),
731 4243 880 4318 demum,
899 4242 1027 4306 habitis
1044 4241 1290 4306 deliberacione
1307 4247 1342 4306 et
1359 4246 1522 4313 tractatu,

416 4348 570 4433 prelatus
598 4346 759 4431 Magister
785 4346 893 4410 Will's
920 4345 961 4408 de
989 4345 1124 4421 Cawod,
1152 4346 1226 4410 vice
1253 4353 1287 4410 et
1315 4344 1523 4410 auctoritate

416 4452 575 4536 Capituli,
594 4450 729 4515 monuit
746 4470 824 4534 sepe
842 4450 974 4513 dictum
992 4449 1087 4513 d’nm
1105 4449 1241 4531 Joh'em
1260 4451 1384 4534 Mepall
1402 4451 1522 4534 prim0,

415 4555 576 4629 secundo,
602 4561 635 4618 et
661 4554 766 4617 tercio
790 4560 824 4617 et
848 4552 1051 4637 peremtorie
1076 4553 1169 4635 quod
1193 4554 1235 4617 de
1259 4562 1372 4619 cetero
1398 4555 1522 4619 laceret

416 4660 569 4724 debitam
605 4664 749 4723 sectam1
786 4659 888 4722 choro
925 4662 998 4720 tam
1034 4655 1266 4721 interessendo
1301 4658 1525 4742 personaliter

489 4818 495 4840 ¹
516 4811 571 4862 MS.
587 4810 636 4861 has
652 4815 666 4833 ‘¹
678 4809 818 4859 Cectam.''
