3950 5625
776 750 869 816 Acrs
893 770 938 816 or
961 750 1140 818 Cnaprnn.
1448 765 1511 833 247

406 927 568 992 dentatas
599 929 688 994 inter
717 930 849 995 dictum
880 932 1074 995 venerabile
1105 932 1304 1016 Capitulum
1334 937 1369 994 et
1400 930 1512 1014 ipsum

407 1032 556 1115 plenarie
594 1034 767 1099 faciendas
806 1035 945 1118 recipiet
984 1043 1019 1100 et
1058 1057 1098 1099 ea
1136 1057 1215 1100 cum
1254 1038 1298 1100 ab
1336 1036 1401 1098 hac
1438 1034 1513 1097 luce

406 1136 603 1220 migrauerit
617 1139 671 1202 vel
685 1140 784 1203 aliter
796 1140 1092 1223 qualitercumque
1106 1141 1151 1204 ab
1165 1139 1359 1204 huiusmodi
1373 1137 1513 1202 ecclesia

406 1247 441 1304 et
462 1242 616 1306 cantaria
638 1244 811 1307 recesserit
834 1244 944 1307 eidem
966 1244 1126 1327 Capitulo
1148 1250 1183 1307 et
1205 1244 1274 1307 suis
1296 1243 1330 1306 in
1352 1263 1392 1305 ea
1414 1247 1512 1325 parte

405 1344 580 1429 deputatis
607 1347 777 1411 retradere
804 1354 838 1412 et
865 1348 1008 1412 liberare
1034 1348 1180 1412 fideliter
1206 1352 1376 1420 teneatur,
1406 1350 1440 1408 et
1467 1344 1512 1408 ad

405 1470 472 1532 que
490 1450 606 1514 omnia
623 1458 657 1515 et
676 1452 809 1536 singula
827 1452 1026 1535 supradicta
1044 1453 1092 1515 sic
1111 1458 1150 1516 vt
1169 1452 1338 1536 prefertur
1355 1449 1513 1514 facienda

406 1559 440 1617 et
463 1554 507 1617 ad
530 1555 618 1619 hanc
640 1562 794 1619 nostram
816 1556 1071 1620 ordinacionem
1094 1556 1237 1619 firmiter
1259 1555 1512 1638 imperpetuum

405 1658 666 1734 obseruandam,
693 1660 848 1743 prefatus
871 1660 948 1723 d'ns
973 1660 1121 1724 Rob’tus
1144 1660 1186 1723 de
1210 1659 1354 1732 Witton,
1383 1657 1512 1741 primus

405 1761 496 1824 dicte
508 1762 666 1826 Cantarie
679 1764 892 1847 CapellanuS,
908 1770 942 1827 et
955 1764 1063 1828 futuri
1076 1782 1283 1828 successores
1296 1762 1347 1826 sui
1360 1761 1512 1825 eiusdem

404 1865 562 1930 Cantarie
579 1867 752 1950 Capeliani
769 1884 893 1931 omnes·
903 1873 936 1931 et
953 1867 1076 1952 singuli
1093 1867 1137 1931 ad
1154 1867 1297 1931 eandem
1314 1865 1511 1929 Cantariam

404 1990 464 2053 per
502 1970 700 2054 Capitulum
732 1971 950 2046 admittendi,
979 1977 1014 2035 et
1050 1971 1085 2034 in
1119 1971 1238 2035 eadem
1270 1969 1431 2034 canonice
1462 1968 1511 2033 in-

403 2073 569 2162 stituendi
586 2081 620 2139 et
640 2075 834 2150 inducendi,
852 2075 1080 2140 incontinenti
1097 2082 1175 2158 post
1192 2075 1263 2138 eius
1280 2080 1314 2138 et
1331 2073 1511 2137 cuiuslibet

404 2179 589 2243 eorundem
622 2179 657 2243 in
688 2200 728 2243 ea
759 2186 856 2264 parte
888 2178 1130 2243 admissionem
1161 2179 1232 2242 siue
1263 2177 1510 2252 induccionem,

405 2303 519 2346 coram
544 2283 751 2347 admittente
776 2283 971 2348 huiusmodi
991 2284 1046 2347 vel
1067 2283 1263 2347 conferente
1282 2302 1510 2366 quocumque,

406 2386 450 2450 ad
471 2394 592 2451 sancta
614 2388 677 2451 Dei
700 2388 888 2472 Euangelia
910 2409 970 2471 per
993 2388 1105 2472 ipsum
1127 2393 1161 2451 et
1184 2407 1301 2451 eorum
1323 2385 1511 2470 quemlibet
1598 2402 1600 2407 ·

405 2492 626 2575 corporaliter
655 2498 751 2556 tacta
780 2493 948 2576 prestabit
979 2499 1014 2556 et
1045 2493 1249 2576 prestabunt
1280 2491 1511 2554 iuramentum

405 2595 439 2659 in
472 2596 536 2660 hoc
568 2617 660 2671 casu,
695 2597 846 2680 alioquin
879 2597 985 2681 ipsius
1018 2597 1192 2680 Capellani
1224 2596 1283 2680 qui
1316 2594 1511 2660 huiusmodi

402 2698 635 2765 iuramentum
677 2722 746 2765 non
785 2701 975 2784 prostiterit
1013 2701 1174 2764 admissio
1211 2707 1245 2765 et
1283 2699 1439 2764 induccio
1477 2699 1511 2762 in

402 2803 600 2869 Cantariam
620 2805 811 2890 predictam
830 2805 923 2869 omni
946 2801 1009 2888 (85)
1031 2805 1147 2890 vigore
1166 2810 1305 2869 careant
1322 2810 1356 2868 et
1375 2804 1509 2868 effectu.
1538 2803 1698 2854 Patronsth

403 2908 570 2973 Volumus
595 2909 734 2993 insuper
758 2915 792 2973 et
818 2915 935 2973 tenore
960 2910 1172 2993 presencium
1197 2909 1395 2974 ordinamus
1419 2908 1513 2993 quod
1544 2871 1696 3002 effi?

404 3013 715 3097 quocienscumque
743 3009 790 3077 vet
831 3014 1120 3098 quandocumque
1161 3013 1342 3098 contigerit
1383 3012 1513 3077 dictam

406 3117 604 3181 Cantariam
624 3118 851 3201 quouismodo
871 3139 1005 3193 vacare,
1026 3118 1119 3202 quod
1139 3117 1334 3183 huiusmodi
1354 3117 1513 3181 Cantarie

406 3221 450 3285 ad
476 3222 583 3286 altare
609 3222 802 3306 predictum
827 3222 977 3297 collacio,
1004 3222 1190 3297 instituci0‚
1217 3222 1383 3297 inducci0,
1410 3221 1513 3285 desti·

405 3326 508 3400 tuci0‚
535 3333 570 3390 et
596 3326 795 3390 omnimoda
821 3325 1002 3409 disposicio
1027 3326 1072 3389 ad
1096 3326 1290 3410 predictum
1315 3324 1513 3410 Capitulum

405 3430 484 3494 eccl.
506 3430 588 3495 Coll.
612 3430 736 3513 Ripon'
758 3430 920 3514 predicte,
939 3431 1042 3495 modo
1058 3432 1251 3514 subscripto
1267 3430 1326 3494 vni
1347 3435 1512 3513 perpetuo

405 3533 589 3618 Capellano
618 3535 753 3618 ydoneo
782 3541 817 3598 et
846 3536 991 3598 honesto
1021 3535 1065 3599 ad
1095 3535 1212 3599 diuina
1241 3534 1442 3598 celebranda
1472 3541 1512 3599 vt

405 3638 575 3722 prefertur
603 3639 648 3702 ad
677 3639 784 3703 altare
815 3639 1018 3723 predictum,
1044 3646 1078 3703 et
1106 3640 1140 3703 in
1166 3639 1305 3703 ecclesia
1334 3639 1513 3728 collegiata

405 3742 559 3826 predicta
573 3743 827 3827 imperpetuum
841 3730 1038 3826 pertinebit,
1054 3750 1089 3807 et
1103 3743 1196 3827 quod
1210 3743 1301 3807 idem
1315 3743 1512 3828 Capitulum

404 3846 534 3911 dictam
568 3848 765 3911 Cantariam
798 3847 888 3932 gilde
922 3853 956 3910 et
990 3847 1107 3910 altaris
1140 3846 1282 3930 predict.
1317 3847 1512 3912 huiusmodi

405 3951 588 4035 Capellano
628 3952 716 4016 infra
755 3971 907 4015 mensem
947 3973 967 4015 a
1007 3957 1160 4034 tempore
1199 3957 1280 4015 note
1319 3952 1513 4017 vacacionis

404 4055 555 4120 eiusdem
593 4056 733 4140 singulis
771 4055 997 4119 vacacionum
1036 4054 1248 4137 temporibus
1286 4055 1440 4119 conferat
1478 4063 1512 4119 et

404 4160 553 4244 assignet
585 4181 624 4223 ac
656 4159 771 4224 induci
803 4159 908 4223 faciat
940 4179 1019 4222 cum
1051 4158 1120 4222 suis
1152 4158 1282 4222 iuribus
1313 4158 1348 4222 in
1380 4159 1510 4225 eadem.

404 4264 450 4327 Et
473 4264 501 4327 si
524 4263 717 4347 predictum
740 4262 938 4347 Capitulum
962 4262 1051 4325 infra
1074 4282 1226 4326 mensem
1249 4262 1444 4327 huiusmodi
1468 4264 1512 4328 ad

403 4367 533 4432 dictam
577 4368 775 4431 Cantariam
820 4367 891 4431 siue
936 4366 1168 4450 Capellaniam
1202 4366 1255 4429 de
1299 4367 1434 4449 ydoneo
1478 4374 1512 4430 et

403 4471 584 4535 sufficienti
612 4470 796 4554 Capellano
825 4471 870 4534 ad
899 4470 1017 4534 divina
1045 4469 1248 4533 celebranda
1276 4476 1315 4533 vt
1344 4470 1514 4554 prefertur

403 4596 472 4639 non
510 4575 708 4658 prouiderit,
749 4596 789 4638 ac
827 4575 1047 4638 collacionem
1080 4579 1115 4635 et
1149 4573 1386 4637 induccionem
1424 4574 1513 4638 sicut

404 4685 606 4743 consuetum
634 4684 685 4741 est
713 4683 747 4740 et
775 4678 817 4741 de
844 4678 916 4741 iure
942 4678 1015 4742 fieri
1043 4675 1145 4740 debet
1173 4677 1207 4740 in
1235 4677 1311 4762 alijs
1339 4676 1513 4760 beneficijs

362 4869 364 4873 ¹
403 4782 638 4847 ecclesiasticis
653 4780 849 4845 huiusmodi
864 4781 1048 4866 Capellano
1064 4779 1153 4844 infra
1168 4786 1304 4866 tempus
1319 4779 1512 4865 predictum
