3950 5625
457 688 521 754 286
743 690 822 755 Tne
848 692 1004 755 Incursu
1029 691 1276 755 Manuscrupr.

544 890 614 934 vna
634 889 714 934 cum
737 875 878 944 secreto,

295 1003 390 1056 secret,
545 1000 687 1063 Munera
702 1019 889 1083 quesumus
909 999 1056 1063 Domine
1072 999 1190 1063 oblata
1206 998 1392 1072 sanctifica,
1410 1004 1451 1063 vt
1469 998 1575 1062 nobis

455 1103 622 1186 unigeniti
636 1104 687 1167 tui
700 1124 824 1187 corpus
837 1110 871 1167 et
884 1104 1022 1187 sanguis
1035 1103 1132 1178 fiant,
1147 1109 1182 1166 et
1195 1103 1325 1166 famulo
1339 1108 1400 1167 tuo
1414 1102 1572 1166 Henrico

456 1207 609 1291 Septimo
646 1208 714 1292 regi
750 1213 868 1272 nostro
903 1207 947 1271 ad
983 1207 1159 1271 obtinend.
1198 1207 1311 1271 anime
1346 1207 1576 1291 corporisque

455 1310 612 1386 salutem,
637 1318 671 1375 et
696 1310 739 1375 ad
763 1313 996 1396 peragendum
1019 1311 1054 1375 in
1078 1311 1177 1375 firma
1200 1311 1267 1375 fide
1290 1317 1325 1375 et
1348 1309 1459 1374 solida
1483 1330 1573 1394 pace

454 1415 647 1480 iniunctum
693 1416 757 1480 sibi
804 1415 963 1490 officium,
1012 1422 1047 1479 te
1092 1415 1267 1500 largiente,
1315 1434 1571 1498 vsquequaque

454 1520 645 1603 proficiant,

542 1657 576 1714 et
595 1671 674 1714 curn
692 1651 757 1714 hac
775 1650 1107 1732 postcommunione,

267 1795 322 1843 and
337 1798 412 1870 post·
542 1781 615 1844 Hec
650 1800 836 1865 quesumus
871 1779 1018 1843 Domine
1052 1779 1214 1843 salutaris
1248 1778 1455 1842 sacramenti
1491 1798 1570 1862 per·

261 1875 438 1910 ²⁰¹¹¹¹¹¹¹¹¹¹¹⁰¹¹·
454 1885 569 1967 cepcio
615 1884 783 1948 famulum
829 1890 930 1948 tuum
976 1883 1165 1948 Henricum
1212 1883 1406 1967 Septimum
1451 1902 1569 1966 regem

454 1995 610 2053 nostrum
622 1990 666 2053 ab
679 1989 837 2053 omnibus
849 1994 990 2052 tueatur
1001 1988 1163 2062 aduersis,
1178 1993 1351 2071 quatenus
1363 1987 1569 2051 diuturnam

454 2100 487 2157 et
516 2114 714 2178 prosperam
742 2093 854 2157 vitam
882 2093 916 2156 in
946 2092 1185 2177 tranquilitate
1213 2092 1439 2156 ecclesiastice
1468 2092 1568 2175 pacis

454 2198 620 2272 obtineat,
637 2204 671 2261 et
687 2203 766 2282 post
782 2197 882 2261 huius
897 2197 968 2260 vite
984 2197 1166 2261 decursum
1181 2196 1225 2260 ad
1241 2202 1395 2260 etemam
1410 2196 1565 2260 beatitu-

454 2302 569 2366 dinem
589 2308 650 2366 tua
668 2302 782 2386 gracia
800 2306 1007 2385 cooperante
1025 2301 1214 2385 perueniat.

265 2442 327 2517 nna
341 2441 413 2517 after
542 2431 627 2496 Cum
666 2451 747 2495 vero
787 2431 831 2495 ab
871 2432 935 2494 hac
973 2431 1048 2494 luce
1087 2430 1325 2514 migraueritis,
1366 2429 1491 2493 deinde
1531 2430 1566 2493 in

261 2509 431 2622 [ffedfflnffi
454 2535 608 2621 qualibet
632 2536 810 2620 principali
834 2535 937 2599 missa
960 2534 1005 2599 ad
1028 2535 1139 2599 maius
1162 2536 1234 2599 siue
1257 2554 1431 2599 summum
1456 2534 1567 2598 altare

455 2641 544 2705 Eccl.
578 2647 693 2704 nostre
725 2640 806 2705 Coll.
840 2638 1014 2704 antedicte
1045 2659 1106 2723 per
1136 2639 1286 2723 aliquem
1317 2645 1476 2703 nostrum
1508 2638 1565 2702 vel

454 2765 686 2810 successorum
715 2750 911 2808 nostrorum
941 2749 1002 2808 aut
1032 2744 1137 2808 alium
1167 2734 1376 2807 confratrem
1405 2749 1567 2808 nostrum

455 2852 526 2915 siue
562 2850 757 2914 ministrum
792 2869 1008 2933 quecumque
1043 2848 1247 2913 celebranda
1281 2849 1458 2913 celebrans
1492 2848 1567 2932 ipse

455 2956 662 3039 quicumque
688 2974 749 3039 pro
776 2960 929 3038 tempore
955 2952 1058 3017 luerit
1083 2953 1224 3037 singulis
1249 2952 1370 3016 diebus
1395 2952 1566 3036 imperpe-

456 3067 567 3124 tuum·
580 3080 642 3143 pro
666 3060 777 3123 salute
801 3059 914 3122 anime
937 3063 1051 3121 vestre
1075 3057 1296 3141 solempniter
1319 3063 1457 3121 etcum
1481 3063 1567 3121 nota

457 3164 546 3247 leget
566 3170 600 3227 et
621 3163 712 3227 dicet
732 3163 924 3227 oracionem
943 3167 1154 3245 sequentem,
1175 3161 1344 3225 videlicet.

261 3280 308 3328 ΜΞ
322 3280 428 3336 ⁰⁰¹¹e⁰l
538 3278 676 3357 'inclina
715 3292 861 3356 Domine
899 3311 1018 3355 aurem
1057 3296 1154 3355 tuam
1193 3290 1236 3355 ad
1275 3309 1392 3374 preces
1430 3294 1567 3354 nostras

455 3399 581 3483 quibus
614 3396 881 3461 misericordiam
915 3402 1012 3459 tuam
1046 3395 1215 3480 supplices
1248 3394 1485 3479 deprecamur,
1525 3401 1566 3459 vt

456 3504 607 3567 animam
632 3501 752 3566 famuli
778 3501 829 3565 tui
854 3499 940 3584 regis
966 3500 1105 3563 Henrici
1131 3499 1276 3583 Septimi
1300 3520 1407 3583 quam
1432 3500 1475 3563 de
1501 3500 1566 3563 hoc

456 3608 569 3671 seculo
587 3607 731 3691 migrare
750 3605 876 3670 iussisti
896 3605 931 3668 in
950 3604 1044 3688 pacis
1060 3625 1100 3668 ac
1115 3604 1199 3668 lucis
1212 3604 1347 3689 regione
1358 3604 1564 3679 constituas

457 3718 492 3775 et
511 3717 708 3775 sanctorum
729 3716 867 3774 tuorum
887 3709 1005 3773 iubeas
1024 3729 1095 3772 esse
1114 3714 1307 3772 consortem

459 3873 524 3923 100.
573 3876 642 3918 vna
660 3874 738 3917 cum
757 3853 821 3916 hoc
839 3857 979 3927 secreto,

544 3984 705 4048 Animam
722 3981 842 4046 famuli
859 3981 911 4045 tui
927 3980 1014 4065 regis
1030 3980 1169 4045 Henrici
1186 3979 1330 4064 Septimi
1346 3980 1391 4043 ab
1406 3980 1567 4045 omnibus

456 4095 490 4153 et
504 4088 602 4173 vicijs
617 4093 651 4152 et
665 4086 815 4172 peccatis
828 4087 978 4150 humane
992 4085 1200 4150 condicionis
1214 4104 1401 4168 quesumus
1415 4085 1565 4148 Domine

456 4195 518 4258 hec
549 4193 707 4258 absoluat
738 4191 871 4255 oblacio
901 4211 968 4275 que
1000 4190 1063 4254 tibi
1094 4189 1273 4253 immolata
1304 4189 1414 4253 tocius
1445 4189 1564 4254 mundi

457 4298 538 4362 tulit
557 4303 711 4382 peccata,

544 4436 578 4493 et
602 4449 681 4493 curn
704 4428 769 4491 hac
792 4425 1122 4511 postcommunione,

272 4560 327 4607 ann
341 4563 416 4634 1³0³&
545 4556 668 4619 Annue
701 4553 799 4617 nobis
833 4551 979 4615 Domine
1012 4557 1052 4615 vt
1087 4550 1203 4614 anima
1237 4549 1358 4613 famuli
1394 4549 1445 4613 tui
1479 4550 1565 4635 regis

261 4639 441 4674 :ommumon
458 4660 597 4724 Henrici
636 4657 779 4742 Septimi
814 4655 1047 4720 remissionem
1081 4675 1187 4739 quam
1222 4652 1358 4737 optauit
1394 4660 1565 4718 mereatur

456 4765 626 4849 suscipere
644 4768 874 4848 peccatorum.
