3950 5625
296 1705 395 1754 Fabric
410 1705 439 1752 ol

290 1773 440 1821 Southwell

301 1840 423 1888 Minster.

310 1906 381 1955 Poor
394 1906 423 1954 ot

301 1974 428 2036 Beelsby,

279 2040 308 2089 ot
321 2040 446 2090 Warton.

322 2149 409 2206 Plate,

309 2216 413 2264 church

284 2284 381 2334 books.
392 2288 444 2332 etc.

282 2842 408 2891 Barwick
422 2843 449 2890 in

314 2910 414 2957 Elmet.

295 3484 317 3529 Α
332 3497 431 3530 mazer.

483 705 546 769 190
769 687 848 752 Tne
873 688 1031 752 Inorinr
1054 689 1300 753 Manuscnrer.

479 867 656 950 capellano
696 866 895 932 Cantariam
935 867 1063 932 ibidem
1102 868 1273 952 optinenti
1313 867 1469 952 exequijs
1508 867 1589 932 meis

479 971 702 1047 funeralibus,
725 971 885 1036 videlicet
908 972 1055 1036 Placebo
1077 979 1111 1037 et
1134 973 1248 1057 Dirige
1270 993 1350 1037 cum
1371 973 1589 1037 commenda-

478 1075 574 1139 cione
603 1082 830 1150 mortuorum,
861 1097 900 1140 ac
929 1076 1030 1140 misse
1059 1076 1204 1141 funerali
1233 1076 1361 1140 ibidem
1389 1077 1591 1141 celebrande

478 1180 576 1263 plene
603 1180 828 1254 interessenti,
855 1180 921 1263 iijs.
944 1180 1029 1264 iiijd.
1055 1187 1089 1245 et
1112 1181 1253 1245 cuilibet
1280 1180 1426 1245 diacono
1453 1187 1489 1245 et
1513 1182 1591 1245 sub-

478 1283 623 1348 diacono
639 1284 790 1348 eiusdem
814 1284 893 1348 eccl.
912 1284 1041 1348 eisdem
1057 1285 1178 1368 officijs
1195 1285 1411 1349 interessenti
1427 1285 1524 1360 xxd.,
1558 1291 1592 1349 et

478 1388 617 1452 cuilibet
644 1388 860 1453 thuribilario
888 1394 922 1452 et
949 1389 1098 1452 choriste
1126 1389 1231 1472 ipsius
1258 1389 1337 1454 eccl.
1365 1390 1425 1474 qui
1453 1410 1592 1473 presens

479 1491 581 1556 fuerit
620 1493 654 1556 in
693 1493 923 1557 celebracione
962 1493 1151 1557 officiorum
1190 1493 1396 1558 funeralium
1435 1514 1591 1558 meorum

479 1595 721 1680 predictorum,
740 1596 823 1679 xijd.
843 1603 877 1661 et
895 1597 1035 1660 sacriste
1053 1598 1143 1661 dicte
1160 1598 1297 1661 ecclesie
1314 1619 1376 1682 pro
1393 1598 1592 1682 pulsacione

479 1721 551 1776 sua,
572 1700 636 1784 iijs.
657 1701 741 1784 iiijd.
790 1701 879 1765 Item
898 1702 973 1786 lego
993 1702 1120 1765 fabrice
1140 1702 1218 1766 eccl.
1241 1702 1414 1777 Suthwell,
1436 1702 1472 1766 xl
1491 1702 1589 1767 solid.

480 1805 569 1868 Item
588 1805 662 1889 lego
682 1805 726 1869 ad
745 1806 970 1870 distribuend.
992 1806 1100 1890 magis
1120 1806 1353 1890 indigentibus
1372 1807 1592 1890 parochianis

479 1909 615 1973 ecclesie
645 1910 687 1973 de
717 1909 873 1993 Belesby,
904 1910 1057 1974 Lincoln.
1089 1910 1175 1974 dioc.
1206 1931 1280 1974 xxs,
1330 1911 1420 1974 Item
1448 1911 1525 1996 lego
1555 1912 1590 1975 in

479 2014 722 2078 distribucione
740 2035 931 2098 pauperum
944 2014 1231 2098 parochianorum
1247 2035 1412 2090 meorum,
1427 2021 1462 2079 et
1481 2017 1591 2100 magis

479 2118 708 2203 indigencium
731 2118 809 2183 eccl.
831 2139 905 2182 mee
929 2119 970 2182 de
994 2119 1149 2195 Warton‚
1171 2119 1323 2203 quinque
1346 2140 1449 2184 marc.
1500 2121 1589 2184 Item

479 2223 523 2287 do
552 2230 586 2287 et
614 2223 689 2308 lego
718 2222 799 2287 d'no
828 2223 921 2306 Joh’i
950 2223 992 2287 de
1021 2224 1117 2287 Dene
1145 2223 1310 2288 confratri
1338 2244 1415 2288 meo
1443 2224 1479 2288 in
1508 2225 1588 2289 eccl.

480 2327 594 2411 Ripon
622 2328 786 2412 predicta,
816 2348 922 2391 vnam
949 2327 1082 2411 peciam
1110 2328 1241 2412 argenti
1269 2349 1348 2392 cum
1375 2330 1589 2412 cooperculo,

479 2433 665 2496 habentem
688 2432 723 2496 in
746 2432 947 2496 summitate
972 2432 1155 2496 draconem
1180 2432 1393 2507 deauratam,
1420 2439 1455 2497 et
1479 2435 1590 2498 maius

479 2537 741 2620 portiphorium,
767 2557 807 2600 ea
829 2536 990 2600 videlicet
1012 2537 1207 2601 intencione
1229 2536 1323 2621 quod
1347 2537 1461 2621 ipsum
1484 2539 1590 2622 porti-

479 2642 639 2725 phorium
668 2662 730 2724 pro
759 2647 926 2725 perpetuo
955 2641 1103 2724 proprijs
1132 2641 1202 2705 suis
1230 2642 1349 2706 vsibus
1378 2643 1526 2707 retineat
1556 2650 1589 2707 et

479 2745 562 2809 nulli
598 2745 737 2809 omnino
772 2745 968 2809 huiusmodi
1004 2745 1120 2829 quoad
1155 2745 1280 2809 uixerit
1316 2746 1451 2812 alienet.
1501 2737 1590 2812 Item

477 2850 552 2935 lego
582 2850 663 2914 d'no
693 2850 843 2914 Will'mo
873 2850 1015 2914 Chanon
1046 2850 1185 2914 Rectori
1215 2851 1329 2915 eccl'ie
1359 2852 1401 2916 de
1432 2852 1588 2937 Berwyk‚

479 2955 581 3019 Ebor.
614 2954 713 3029 dioc,
744 2976 851 3018 unam
880 2954 1014 3037 peciam
1044 2954 1247 3018 deauratam
1276 2976 1383 3039 quam
1412 2956 1520 3022 habui
1549 2978 1589 3020 ex

478 3057 569 3122 dono
583 3058 703 3142 Mag'ri
717 3057 829 3121 Nich'i
843 3058 991 3141 Feryby.
1040 3058 1130 3121 Item
1143 3058 1218 3142 lego
1231 3058 1312 3123 d'no
1325 3060 1419 3143 Joh'i
1434 3060 1590 3126 Redenes

478 3183 584 3227 vnam
624 3163 757 3246 peciam
798 3162 930 3247 argenti
971 3161 1157 3226 formatam
1198 3162 1242 3226 ad
1282 3164 1425 3228 modum
1465 3166 1588 3237 calicis.

478 3267 665 3332 habentem
702 3267 889 3351 quemdam
926 3286 1108 3330 numerum
1145 3266 1311 3350 scriptum
1349 3268 1384 3332 in
1421 3270 1519 3352 pede,
1557 3276 1590 3334 et

479 3371 581 3435 aliam
603 3371 736 3454 peciam
757 3370 960 3434 deauratam
980 3391 1060 3434 cum
1080 3370 1149 3434 suis
1170 3371 1389 3454 cooperculis,
1412 3378 1447 3436 et
1468 3373 1588 3458 viginti

478 3475 553 3539 libr.
577 3475 719 3559 argenti,
742 3496 850 3538 vnum
871 3474 1011 3557 ciphum
1032 3474 1194 3539 mirreum
1216 3475 1383 3539 minorem
1404 3497 1484 3540 cum
1504 3479 1589 3561 pede

478 3586 512 3643 et
549 3579 750 3663 cooperculo
786 3579 821 3643 in
856 3585 955 3662 parte
986 3578 1164 3654 deaurat0,
1198 3585 1232 3642 et
1268 3600 1375 3644 vnam
1410 3581 1589 3666 legendam

478 3689 688 3759 sanctorum,
720 3689 755 3747 et
787 3682 1044 3766 Portiphorium
1075 3703 1191 3747 meum
1221 3683 1345 3749 minus.
1395 3685 1485 3749 Item
1516 3686 1589 3771 lego

478 3788 560 3852 d'no
581 3787 655 3851 Ade
676 3787 812 3862 Towell,
835 3787 1024 3870 capellan0,
1046 3787 1082 3850 xl
1102 3787 1199 3851 solid.
1222 3793 1257 3851 et
1278 3809 1384 3852 vnam
1405 3790 1527 3854 robam
1549 3792 1589 3855 de

478 3892 675 3956 melioribus
694 3913 772 3956 curn
792 3897 868 3955 toto
887 3897 1068 3975 apparatu.
1118 3892 1207 3955 Item
1226 3892 1302 3976 lego
1320 3893 1455 3957 missale
1474 3909 1589 3960 meum

479 4003 512 4061 et
537 3996 679 4060 calicem
703 3996 906 4060 deauratam
929 4017 999 4060 vna
1023 4017 1102 4060 cum
1126 3996 1335 4060 vestimento
1358 4017 1435 4061 meo
1459 3998 1589 4063 meliori

264 4100 463 4147 vestmentlor
479 4101 521 4164 de
542 4120 657 4183 panno
680 4100 781 4163 viridi
802 4100 978 4174 deaurato,
1002 4120 1072 4163 vna
1092 4120 1170 4163 curn
1193 4099 1259 4163 alio
1280 4100 1489 4166 vestimento
1511 4103 1588 4167 albo

299 4168 424 4215 Warton.
481 4205 486 4216 .

285 4724 367 4777 Reus,
383 4728 433 4773 etc,

479 4226 513 4269 rn
543 4204 771 4268 ministerium
799 4204 924 4267 summi
954 4203 1072 4267 altaris
1102 4203 1241 4267 ecclesie
1270 4225 1345 4268 mee
1374 4204 1416 4269 de
1445 4206 1589 4271 Warton

478 4308 620 4392 predict.
670 4308 759 4371 Item
803 4306 878 4391 lego
921 4307 1060 4371 calicem
1105 4328 1220 4371 meum
1266 4315 1467 4393 argenteum
1511 4332 1589 4375 cum

458 4413 613 4477 ‘duobus
636 4411 852 4476 vestimentis
874 4411 1002 4494 capelle
1025 4432 1099 4475 mee
1122 4412 1158 4476 in
1181 4433 1281 4476 vsum
1305 4420 1338 4476 et
1362 4413 1589 4480 ministerium

477 4517 595 4582 altaris
626 4516 798 4600 prebende
830 4535 904 4579 mee
936 4515 1003 4579 S'ci
1035 4515 1147 4599 Joh’is
1181 4516 1355 4581 Beuerlaci
1387 4518 1476 4582 infra
1508 4519 1586 4583 eccl.

477 4621 551 4686 coll.
580 4620 623 4684 de
651 4620 787 4703 Rypon'
816 4619 959 4703 predict.
1025 4620 1115 4683 Item
1145 4620 1221 4704 lego
1249 4620 1400 4685 Will’mo
1431 4622 1525 4686 Croft
1554 4624 1587 4686 xl

477 4726 573 4790 solid.
597 4730 631 4789 et
653 4745 760 4789 vnum
781 4724 908 4788 lectum
932 4744 1010 4788 cum
1034 4723 1247 4808 Chappelet,1
1272 4724 1340 4788 albi
1363 4725 1493 4789 coloris·
1541 4727 1586 4791 Et
1633 4758 1636 4764 ·

477 4827 700 4914 —ssl'erhaps
713 4864 730 4897 a
743 4828 821 4898 little
827 4850 933 4915 chapel‚
948 4826 1069 4915 oratory,
1084 4866 1115 4900 or
1127 4853 1227 4902 shrine.
