3950 5625
778 752 872 817 Acrs
895 771 940 817 or
964 753 1142 818 Cnaerrn.
1456 772 1516 837 107

407 937 442 994 et
458 952 581 1015 corpus
596 952 697 996 suum
713 932 758 996 ad
774 932 1006 1015 sepeliendum
1022 933 1057 996 in
1073 932 1252 1016 cymiterio
1268 933 1346 997 eccl.
1366 933 1514 1016 Rypon’.

409 1035 498 1099 Item
529 1036 657 1120 legauit
689 1057 751 1120 pro
781 1037 970 1101 mortuario
1001 1059 1064 1101 suo
1094 1058 1200 1101 vnam
1232 1058 1383 1111 vaccam,
1417 1043 1450 1102 et
1483 1038 1516 1100 in

409 1139 654 1204 distribucione
680 1161 871 1224 pauperum
898 1141 949 1223 ijs,
981 1149 1059 1226 (49).
1108 1142 1197 1205 Item
1224 1141 1351 1225 legauit
1377 1142 1411 1205 in
1438 1163 1516 1205 con-

407 1244 591 1308 uocacione
618 1244 808 1308 vicinorum
833 1251 867 1308 et
891 1245 1079 1309 amicorum
1103 1266 1242 1310 suorum
1266 1245 1321 1308 die
1342 1247 1517 1329 sepulture

406 1369 476 1423 sue,
495 1348 584 1431 viijs.
634 1349 723 1413 Item
741 1349 775 1412 iu
793 1370 870 1413 cera
887 1370 948 1432 pro
965 1349 1093 1414 lumine
1111 1350 1270 1414 habenda
1288 1350 1376 1413 circa
1393 1370 1516 1434 corpus

406 1473 517 1527 suum,
542 1453 638 1535 viijd.
687 1453 777 1517 Item
799 1453 927 1538 legauit
950 1454 1134 1538 Capeliano
1156 1475 1218 1518 suo
1241 1455 1437 1537 parochiali,
1462 1454 1514 1537 ijs.

408 1557 496 1648 ltem
514 1557 642 1642 legauit
661 1557 793 1622 Matild'
813 1563 847 1621 et
865 1558 1024 1622 Elianore
1042 1558 1177 1622 filiabus
1195 1558 1304 1640 Joh'is
1322 1558 1364 1622 de
1383 1559 1516 1642 Hewyk

406 1661 427 1743 ij
454 1682 536 1726 oues
560 1662 720 1726 matrices
743 1683 821 1726 cum
845 1662 866 1745 ij
894 1663 990 1747 agnis
1014 1669 1048 1726 et
1072 1663 1117 1726 di.
1143 1663 1214 1726 rod.
1240 1683 1318 1726 cum
1344 1663 1517 1727 frumento

406 1766 611 1830 seminatam
624 1766 738 1850 equali
750 1767 919 1850 porcione.
958 1768 1047 1831 ltem
1060 1767 1187 1851 legauit
1201 1767 1325 1851 Agneti
1338 1767 1444 1831 sorori
1457 1789 1516 1831 sue

407 1891 511 1934 vnam
535 1891 688 1947 vaccam,
713 1870 735 1954 ij
763 1892 844 1936 oues
867 1872 1037 1946 matriceS,
1063 1877 1097 1935 et
1121 1871 1142 1954 ij
1170 1892 1286 1956 agnos
1312 1878 1346 1934 et
1371 1872 1415 1935 di.
1442 1872 1513 1936 rod.

406 1995 484 2038 cum
496 1975 689 2039 mixtilione
701 1976 917 2040 seminatam.
960 1976 1049 2039 Item
1062 1975 1190 2059 legauit
1205 1975 1302 2038 Ric’o
1316 1976 1516 2059 Magotsone

406 2078 427 2160 ij
458 2079 624 2143 bidentes,
674 2079 764 2143 item
791 2079 918 2163 legauit
947 2081 1070 2143 Emme
1099 2080 1232 2161 Hewyk
1260 2079 1305 2142 di.
1336 2079 1407 2143 rod.
1437 2101 1516 2145 cum

405 2182 578 2248 frumento
609 2183 815 2248 seminatam
845 2183 855 2267 j
883 2184 1037 2248 tunicam
1068 2205 1147 2248 cum
1178 2184 1187 2266 j
1222 2184 1375 2267 capucio.
1427 2185 1516 2247 Item

405 2287 531 2372 legauit
561 2287 674 2352 Will'o
704 2287 919 2353 Attetonend
948 2289 957 2371 j
991 2289 1094 2352 ollam
1124 2309 1280 2361 enneam,
1312 2294 1346 2351 et
1375 2288 1402 2350 si
1432 2288 1516 2372 quid

406 2392 578 2457 residuum
593 2392 696 2456 luerit
712 2392 754 2455 de
769 2393 867 2456 bonis
883 2394 952 2456 suis
967 2393 1123 2476 superius
1138 2413 1206 2455 non
1221 2392 1352 2476 legatiS,
1370 2391 1466 2455 dedit
1482 2398 1516 2455 et

405 2495 530 2581 legauit
569 2496 613 2560 ad
651 2496 927 2561 distribuendum
965 2497 1173 2580 pauperibus
1207 2516 1269 2578 pro
1303 2495 1419 2559 anima
1454 2517 1517 2559 sua

405 2600 592 2664 secundum
608 2600 862 2664 ordinacionem
879 2600 989 2682 Joh'is
1005 2601 1047 2664 de
1062 2600 1165 2682 Clynt
1181 2599 1347 2682 capellani
1363 2599 1515 2674 iunioris,

405 2725 506 2787 quem
532 2704 672 2788 quidem
698 2704 894 2787 Johannem
921 2704 1002 2768 iecit
1029 2710 1063 2767 et
1090 2704 1271 2767 constituit
1298 2709 1516 2767 executorem

405 2830 514 2884 suum,
530 2831 609 2874 cum
623 2809 751 2874 auxilio
765 2815 798 2873 et
813 2808 953 2873 consilio
967 2808 1080 2891 Joh'is
1093 2808 1135 2872 de
1150 2808 1283 2891 Hewyk
1297 2807 1516 2883 coadiutoriS,

405 2920 443 2977 vt
468 2914 582 2979 dictus
609 2914 727 2996 Joh'es
752 2914 794 2977 de
821 2914 923 2997 Clynt
950 2915 1037 2977 bene
1063 2919 1097 2977 et
1124 2913 1269 2977 fideliter
1294 2913 1428 2977 ordinet
1455 2933 1517 2997 pro

405 3017 497 3082 dicta
516 3018 649 3083 Gudith
669 3039 731 3082 suo
751 3018 855 3082 modo
875 3018 1016 3082 meliori.

493 3161 582 3225 Item
619 3182 780 3225 concessa
818 3160 883 3224 tuit
923 3143 1180 3223 administracio
1218 3159 1387 3222 bonorum
1425 3159 1516 3222 dicte

405 3264 566 3329 defuncte
591 3265 684 3329 dicto
709 3265 803 3347 Joh'i
827 3264 870 3328 de
894 3264 998 3347 Clynt
1023 3263 1214 3347 penultimo
1238 3263 1292 3326 die
1318 3262 1396 3345 Maij
1425 3283 1516 3326 anno

404 3370 612 3453 supradicto,

492 3513 582 3576 Item
607 3517 738 3595 postea,
766 3511 872 3574 tercio
897 3510 952 3574 die
977 3510 1104 3573 mensis
1129 3508 1237 3592 Junij‚
1261 3509 1374 3572 dictus
1399 3509 1517 3591 Joli'es

404 3616 524 3681 habuit
545 3615 820 3700 acquietanciam
839 3635 901 3698 pro
920 3614 1015 3678 dicto
1035 3619 1256 3687 testamento
1276 3613 1358 3697 quia
1376 3614 1463 3676 bene
1482 3619 1516 3676 et

403 3720 548 3785 fideliter
567 3720 824 3785 administrauit
844 3719 878 3782 in
898 3718 997 3782 bonis
1016 3718 1107 3782 dicte
1126 3718 1297 3782 defuncte.

406 3927 493 4010 (171)
517 3928 795 3992 Tnsrnnauron
818 3925 964 3990 Xpmnr
986 3923 1130 3986 Lrsrrn
1153 3940 1200 3986 ne
1222 3923 1512 3987 Srnrnnnrunrr.

492 4094 533 4157 In
566 4094 630 4157 Dei
662 4092 810 4167 nomine,
845 4091 965 4165 Amen,
999 4090 1122 4173 quinto
1154 4090 1208 4152 die
1240 4088 1365 4151 mensis
1397 4088 1513 4151 Marcii
1607 4116 1621 4162 7
1679 4144 1684 4160 ,

404 4197 504 4262 Anno
536 4197 618 4261 D’ni
650 4196 768 4259 Mill'io
802 4210 900 4259 cccmo
930 4192 1079 4276 lxxviij0,
1114 4194 1187 4276 Ego
1222 4191 1361 4274 Xpiana
1392 4192 1515 4274 Lyster
1588 4190 1590 4195 ’
1634 4208 1640 4219 ·
1674 4208 1679 4219 ·

404 4303 514 4367 condo
540 4306 790 4365 testamentum
815 4319 931 4362 meum
956 4297 991 4360 in
1015 4296 1106 4359 hunc
1131 4294 1282 4358 modum.
1332 4294 1372 4356 ln
1397 4294 1515 4377 primis

404 4406 448 4470 do
475 4412 509 4469 et
537 4406 612 4489 lego
640 4404 792 4468 animam
819 4421 932 4466 meam
961 4401 1034 4463 Deo
1062 4397 1302 4479 omnipotenti,
1331 4402 1365 4459 et
1393 4418 1515 4481 corpus

404 4530 518 4573 meum
555 4509 599 4573 ad
635 4505 870 4590 sepeliendum
906 4505 940 4566 in
976 4500 1156 4583 cymiterio
1192 4499 1328 4561 ecclesie
1365 4499 1514 4583 Rypon’.

405 4613 494 4676 item
521 4614 596 4697 lego
623 4612 658 4674 in
686 4608 932 4673 distribucione
960 4621 1152 4686 pauperum
1180 4621 1253 4664 xxs.
1302 4602 1348 4664 Et
1376 4603 1410 4665 in
1437 4625 1517 4668 con-

405 4718 589 4780 uocacione
610 4714 803 4779 vicinorum
826 4717 860 4772 et
882 4707 1071 4771 amicorum
1093 4722 1246 4765 meorum
1268 4702 1322 4766 die
1343 4707 1518 4788 sepulture

406 4840 490 4896 mee,
529 4840 604 4884 xxs.
654 4818 744 4880 ltem
781 4813 856 4896 lego
893 4808 1022 4873 fabrice
1058 4803 1196 4868 ecclesie
1234 4805 1370 4889 Rypon’
1409 4830 1518 4877 vnum
