3950 5625
770 670 863 737 Acrs
886 690 931 736 or
955 669 1134 736 commu.

598 852 685 934 (188)
713 852 803 916 ITEM
830 868 878 914 ou
903 867 1098 920 Pnussunun
1122 864 1310 913 enumera,

490 1006 685 1089 Capitulum
720 1005 798 1070 eccl.
835 1005 908 1069 coll.
947 1004 1083 1088 Rypon'
1120 1005 1222 1067 Ebor.
1259 1003 1344 1066 dioc.
1382 1000 1506 1064 dilecto

400 1111 499 1174 nobis
532 1111 566 1175 in
598 1132 667 1194 xpo
699 1131 775 1174 ven.
811 1110 884 1173 viro
917 1110 998 1173 d’no
1032 1109 1169 1192 Hugoni
1202 1107 1244 1170 de
1277 1105 1505 1189 Cotyngham,

402 1214 540 1278 Rectori
571 1215 649 1279 eccl.
683 1215 885 1298 parochialis
917 1214 958 1278 de
990 1212 1141 1277 Causton
1174 1212 1372 1295 Norwycen.
1406 1209 1504 1282 dioc,

401 1319 547 1383 salutern
588 1320 622 1383 in
664 1320 817 1383 omnium
859 1319 1046 1383 Saluatore.
1095 1318 1149 1381 Ad
1190 1317 1430 1381 canonicatum
1472 1319 1506 1375 et

402 1425 610 1507 prebendam
645 1424 686 1488 de
721 1424 891 1488 Munkton
926 1424 960 1487 in
995 1422 1073 1486 eccl.
1109 1429 1227 1485 nostra
1262 1420 1414 1504 predicta
1448 1438 1508 1501 per

403 1534 548 1591 mortem
586 1528 703 1612 Mag’ri
741 1528 805 1591 Ad.
844 1528 886 1591 de
923 1528 1120 1592 Thometon
1158 1527 1270 1590 vltimi
1307 1522 1504 1608 possessoris

403 1632 553 1695 eiusdem
578 1638 766 1697 ,vacantem
796 1638 831 1694 et
862 1632 924 1694 tibi
955 1633 1070 1717 vigore
1099 1632 1209 1716 gracie
1240 1637 1274 1694 et
1305 1627 1505 1712 prouisionis

402 1756 461 1818 per
494 1736 608 1799 sedern
642 1736 875 1818 apostolicam,
911 1736 955 1799 ad
988 1737 1261 1801 nominacionem
1295 1735 1366 1799 d’ni
1399 1731 1507 1796 nostri

404 1841 515 1924 Regis,
537 1840 695 1904 videlicet
716 1840 889 1904 iacturum
909 1841 1051 1906 collatos
1071 1850 1105 1905 et
1126 1842 1170 1905 ad
1189 1861 1276 1925 quos
1295 1860 1355 1922 per
1374 1859 1450 1902 ven.
1473 1838 1508 1920 in

403 1965 470 2027 xpo
496 1951 630 2027 patrem
656 1951 690 2008 et
716 1945 821 2018 d’nm,
849 1945 943 2008 d'nm
970 1946 1148 2019 Thomam
1177 1946 1239 2008 Dei
1265 1944 1377 2028 gracia
1403 1943 1505 2006 Ebor.

402 2050 715 2133 Archiepiscopum,
750 2049 870 2133 Anglie
903 2051 1098 2132 primatem,
1133 2056 1167 2113 et
1201 2049 1386 2132 apostolice
1420 2047 1508 2111 sedis

402 2153 553 2237 legatum
576 2174 611 2216 es
634 2153 812 2229 admissus
837 2160 871 2217 te
894 2154 928 2217 in
951 2176 1132 2237 personam
1157 2155 1242 2218 Ric'i
1266 2154 1307 2217 de
1330 2152 1507 2235 Appilton,

402 2258 631 2340 procuratoris
648 2258 699 2322 tui
716 2258 882 2321 mandato
899 2259 1090 2331 sufficienti,
1112 2259 1191 2340 (ut)¹
1210 2258 1308 2321 nobis
1325 2257 1508 2319 constabat

402 2362 561 2446 legitimis
572 2362 797 2437 documentis
810 2384 925 2427 coram
936 2364 1035 2427 nobis
1047 2370 1109 2427 tuo
1119 2363 1256 2426 nomine
1267 2361 1508 2443 comparentis,

403 2466 436 2530 in
470 2466 673 2530 canonicum
706 2473 740 2530 et
774 2467 981 2531 confratrem
1016 2468 1152 2531 ecclesie
1185 2474 1300 2530 nostre
1333 2465 1509 2548 collegiate

403 2570 630 2645 admittimus
663 2591 741 2634 curn
773 2571 842 2634 suis
872 2571 1006 2653 juribus
1038 2580 1072 2636 et
1105 2573 1226 2656 pertin.
1260 2571 1436 2644 uniuersis,
1470 2592 1510 2634 ac

403 2676 542 2740 stallum
563 2676 597 2739 in
618 2677 721 2740 choro
742 2682 775 2739 et
796 2676 909 2740 locum
930 2677 963 2740 in
985 2676 1144 2759 Capitulo
1165 2676 1270 2739 eiusd.
1293 2674 1372 2738 eccl.
1395 2680 1509 2737 nostre

403 2781 492 2845 dicte
527 2781 698 2864 prebende
732 2781 854 2864 pertin.
891 2782 954 2845 tibi
989 2782 1202 2866 assignamus
1236 2787 1274 2844 vt
1309 2787 1360 2843 est
1395 2778 1508 2855 moris,

403 2887 622 2950 decernentes
652 2891 686 2948 te
716 2885 770 2948 vel
800 2893 1056 2969 procuratorem
1087 2893 1187 2951 tuum
1217 2886 1353 2949 nomine
1384 2891 1445 2949 tuo
1475 2885 1509 2949 in

402 2991 612 3075 corporalem
625 2991 872 3073 possessionem
885 2992 975 3055 dicte
989 2991 1160 3073 prebende
1174 2991 1215 3054 de
1230 2990 1418 3053 Munketon
1432 3009 1510 3052 cum

403 3096 471 3160 suis
510 3095 643 3178 juribus
682 3101 715 3158 et
756 3096 974 3178 pertinenciis
1014 3095 1180 3159 vniuersis
1220 3095 1290 3157 iore
1330 3094 1512 3157 actualiter

403 3200 644 3265 inducendum.
694 3200 734 3263 ln
750 3222 777 3264 c.
795 3222 820 3264 r.
838 3208 862 3264 t.
880 3202 939 3285 sig.
957 3207 1114 3264 nostrum
1125 3199 1339 3282 presentibus
1350 3198 1512 3262 duximus

404 3304 657 3389 apponendum.
706 3305 786 3368 Dat.
828 3305 862 3368 in
903 3306 1006 3370 domo
1046 3311 1163 3369 nostro
1202 3303 1390 3387 Capitulari
1430 3303 1508 3367 eccl.

404 3416 518 3474 nostre
537 3408 652 3492 colleg.
675 3409 826 3491 predicte
846 3409 1007 3474 vicesimo
1027 3410 1176 3474 secundo
1196 3409 1249 3473 die
1269 3408 1394 3472 mensis
1413 3406 1509 3490 Julij,

403 3514 504 3578 Anno
523 3513 603 3577 D'ni
623 3513 740 3577 Mill’io
758 3528 858 3578 ccc¹¹¹0
875 3514 1020 3579 lxxxix0.

626 3705 712 3787 (189)
742 3706 832 3768 laun
858 3723 906 3769 uu
931 3723 1057 3769 EADEM
1083 3722 1287 3770 Pnussunun.

492 3858 659 3922 Nouerint
677 3859 825 3922 vniuersi
843 3880 903 3943 per
921 3867 1104 3943 presentes,
1123 3861 1216 3943 quod
1234 3882 1295 3924 nos
1312 3860 1510 3943 Capitulum

405 3963 482 4027 eccl.
514 3962 588 4026 coll.
622 3962 758 4046 Rypon'
790 3964 892 4028 Ebor.
925 3964 1011 4028 dioc.
1044 3964 1207 4028 dilectum
1241 3964 1339 4027 nobis
1374 3965 1407 4028 in
1442 3986 1511 4048 xpo

404 4066 633 4130 venerabilem
679 4067 791 4131 virum
837 4069 932 4132 d'nm
978 4070 1161 4153 Hugonem
1206 4068 1248 4131 de
1294 4068 1511 4153 Cotyngham

406 4172 587 4235 Rectorem
630 4171 708 4235 eccl.
747 4174 884 4254 paroch.
927 4173 968 4236 de
1002 4173 1153 4237 Causton
1187 4172 1387 4256 Norwycen.
1423 4174 1509 4239 dioc.

405 4276 439 4340 in
474 4275 686 4359 corporalem
720 4277 967 4358 possessionem
1001 4277 1173 4360 prebende
1203 4277 1245 4339 de
1277 4277 1448 4342 Munkton
1476 4280 1511 4343 in

404 4378 543 4443 ecclesia
568 4385 686 4442 nostra
710 4380 826 4464 colleg.
853 4380 1018 4463 predicta,
1045 4400 1105 4462 per
1129 4386 1276 4444 mortem
1302 4382 1421 4464 Mag'ri
1446 4382 1511 4447 Ad.

404 4483 446 4547 de
484 4483 663 4546 Thomton
702 4483 814 4547 vltimi
853 4484 1054 4566 possessoris
1093 4483 1244 4547 eiusdem
1283 4487 1440 4549 vacantis
1479 4493 1514 4550 et

405 4587 539 4669 pretato
569 4587 650 4650 d'no
680 4587 818 4670 Hugoni
847 4588 962 4671 vigore
991 4586 1195 4669 prouisionis
1223 4594 1257 4651 et
1285 4589 1397 4672 gracie
1426 4590 1515 4653 sedis

479 4770 484 4792 ¹
505 4765 562 4812 Not
576 4764 603 4811 in
618 4763 665 4810 the
679 4762 734 4809 MS.
