3950 5625
476 677 540 743 218
764 681 843 746 Tur
868 683 1025 748 Incrrssv
1049 683 1296 750 Manuscnrrr.

475 878 516 921 ex
551 857 756 924 fundacione
790 860 896 944 ipsius
929 862 1083 926 cantarie
1116 862 1217 946 pleno
1251 863 1323 928 iure
1356 871 1583 948 spectantem,

475 960 600 1026 dilecto
617 964 716 1028 nobis
734 965 767 1028 in
786 986 855 1049 xpo
873 966 955 1030 d'no
974 967 1104 1031 Rob'to
1122 968 1279 1052 Sherupp
1296 969 1498 1053 presbitero,
1517 971 1585 1036 suis

475 1067 690 1152 exigentibus
703 1069 832 1133 meritis
845 1076 879 1134 et
893 1070 1023 1135 virtute
1036 1072 1260 1136 conferrimus
1274 1072 1404 1138 intuitu
1417 1074 1584 1150 caritatis,

477 1171 664 1256 Ipsumque
697 1173 863 1238 Rob'tum
897 1175 1054 1260 Slrerupp
1086 1176 1131 1240 ad
1162 1176 1361 1241 Centuriam
1394 1178 1586 1262 predictam

476 1276 702 1342 admittimus.
751 1279 797 1342 Et
817 1279 1030 1345 instituimus
1050 1281 1362 1364 ac‘presencialiter
1380 1282 1586 1348 inuestimus

456 1380 458 1385 ’
476 1381 510 1445 in
533 1381 663 1457 eadem,
686 1403 818 1447 necnon
841 1389 875 1447 61
898 1384 1014 1449 induci
1036 1385 1179 1450 fecimus
1201 1386 1236 1449 in
1258 1386 1389 1461 eadem,
1412 1408 1495 1451 cum
1516 1387 1587 1452 suis

475 1486 605 1550 iuribus
624 1493 659 1551 et
678 1488 898 1572 pertinenciis
917 1478 1093 1554 vniuersis.
1143 1490 1183 1554 ln
1202 1512 1230 1555 c.
1251 1511 1276 1555 r.
1298 1496 1323 1556 t.
1344 1490 1405 1576 sig.
1426 1497 1586 1556 nostrum

474 1592 689 1675 presentibus
714 1598 766 1656 est
792 1613 992 1676 appensum.
1041 1595 1121 1659 Dat.
1149 1594 1184 1658 in
1210 1594 1314 1659 domo
1339 1600 1459 1660 nostra
1485 1596 1585 1680 Capi-

474 1695 587 1770 tulari‚
623 1697 855 1761 sextodecimo
889 1697 943 1762 die
978 1698 1104 1762 mensis
1138 1699 1329 1783 Septembr.
1364 1699 1468 1764 Anno
1503 1701 1584 1765 D'ni

473 1801 590 1865 Mill'io
608 1801 808 1885 cccclxviij0.

475 1968 561 2050 (305)
587 1968 766 2032 luuuccm
787 1969 863 2032 o'ni
886 1969 1013 2033 Ross’rr
1034 1969 1313 2033 Casrurrnonru
1333 1986 1382 2033 AD
1402 1987 1583 2035 vrcnnmu

517 2089 713 2136 panaenus
738 2090 786 2136 ua
810 2073 1015 2138 Srouurau.

559 2215 733 2280 Vniuersis
763 2215 833 2299 Xpi
862 2215 1019 2280 fidelibus
1047 2221 1167 2300 pateat
1196 2236 1257 2300 per
1284 2223 1461 2300 presentes
1490 2219 1584 2302 quod

471 2342 533 2386 nos
552 2319 750 2404 Capitulum
769 2320 847 2384 eccl.
869 2320 950 2385 Coll.
971 2320 1065 2384 beati
1084 2320 1177 2384 Petri
1197 2320 1334 2404 Ripon',
1355 2321 1460 2386 Ebor.
1481 2322 1582 2398 dioc,

471 2425 566 2490 d'nm
611 2424 737 2488 Rob’m
780 2424 999 2499 Castelforth,
1044 2425 1281 2509 presbiterum,
1327 2425 1371 2489 ad
1414 2426 1583 2491 vicariam

471 2530 701 2594 Canonicatus
720 2529 891 2613 prebende
911 2529 953 2593 de
972 2529 1137 2612 Stodelay
1156 2529 1190 2592 in
1209 2529 1288 2593 eccl.
1310 2529 1392 2594 Coll.
1412 2530 1581 2614 predicta,

471 2655 531 2720 per
556 2634 822 2719 resignacionem
848 2634 919 2698 d’ni
947 2633 1066 2697 Rob'ti
1086 2634 1242 2717 Sherupp
1268 2633 1446 2718 capellani,
1468 2635 1583 2700 vltimi

471 2739 672 2823 possessoris
709 2738 860 2802 eiusdem
898 2743 1092 2818 vacantem,
1131 2743 1166 2801 et
1203 2737 1248 2801 ad
1285 2739 1582 2821 presentacionem

471 2843 623 2928 Magistri
664 2843 823 2907 Fulconis
863 2842 1138 2927 Bermyngeham
1176 2842 1339 2907 Canonici
1377 2844 1457 2908 eccl.
1500 2844 1581 2909 Coll.

376 2992 378 2996 .
470 2947 622 3032 predicte
651 2953 686 3011 et
714 2947 929 3031 prebendarij
958 2947 1052 3045 'dicte
1076 2947 1253 3031 prebende
1281 2947 1323 3011 de
1353 2947 1520 3033 Stodelay
1548 2950 1582 3013 in

471 3052 601 3127 eadem,
620 3052 691 3115 veri
712 3052 864 3116 eiusdem
880 3051 1005 3115 vicarie
1021 3051 1169 3135 patroni,
1189 3051 1351 3115 canonice
1367 3051 1581 3130 admisimus,

470 3179 511 3221 ac
542 3157 655 3241 ipsum
688 3156 855 3221 Rob’tum
886 3155 1077 3220 Castellord
1109 3161 1315 3240 perpetuum
1346 3156 1516 3222 vicarium
1547 3159 1581 3223 in

471 3263 582 3326 forma
615 3261 843 3326 ordinacionis
875 3280 977 3344 super
1010 3260 1215 3324 admissione
1249 3260 1456 3325 vicariorum
1489 3261 1581 3327 dicte

470 3366 608 3431 ecclesie
627 3366 721 3430 edita
739 3371 773 3429 et
792 3365 932 3440 vsitata,
953 3387 994 3429 ac
1011 3365 1119 3429 eciam
1138 3365 1172 3428 in
1191 3364 1302 3429 forma
1320 3365 1582 3431 constitucionis

471 3471 609 3556 legatini
635 3491 737 3554 super
760 3471 824 3534 hoc
847 3470 941 3534 edita
964 3469 1126 3534 canonice
1150 3469 1373 3545 instituimus
1399 3469 1582 3555 ipsumque

471 3576 505 3640 in
524 3575 735 3659 corporalem
754 3574 1000 3658 possessionem
1019 3574 1110 3638 dicte
1129 3573 1254 3637 vicarie
1272 3573 1482 3650 induximus
1502 3596 1582 3640 cum

470 3681 540 3745 suis
570 3680 700 3744 iuribus
730 3686 764 3743 61
795 3678 1015 3763 pertinenciis
1045 3678 1222 3743 vniuersis
1272 3678 1312 3742 ln
1342 3699 1370 3742 e.
1402 3698 1428 3743 r.
1461 3684 1487 3744 t.
1519 3680 1580 3765 sig.

470 3791 627 3849 nostrum
648 3782 863 3868 presentibus
883 3788 935 3846 est
955 3803 1156 3868 appensum.
1205 3783 1286 3847 Dat.
1308 3782 1343 3846 in
1364 3782 1418 3846 d0.
1441 3803 1474 3847 n.
1497 3783 1579 3867 Cap.

470 3888 703 3953 sextodecimo
736 3888 791 3951 die
825 3887 950 3951 mensis
984 3887 1176 3971 Septembr.
1211 3886 1313 3951 Anno
1347 3886 1428 3950 D'ni
1462 3887 1581 3953 Mill'io

470 3992 671 4073 cccclxviij0.

473 4162 559 4244 (306)
609 4161 818 4225 Insrirucio
862 4159 982 4242 Jon’is
1027 4159 1228 4223 Surnssunu
1274 4174 1323 4221 an
1367 4174 1578 4222 cauranmu

513 4266 782 4330 Assuupcroms
806 4281 923 4328 usare
948 4264 1079 4327 Maura.

557 4407 731 4472 Vniuersis
743 4407 867 4471 Sancte
879 4405 1000 4469 matris
1011 4405 1147 4469 ecclesie
1160 4403 1239 4487 filiis
1251 4404 1296 4468 ad
1306 4425 1393 4487 quos
1404 4411 1579 4488 presentes

469 4513 565 4577 litere
594 4511 822 4596 peruenerint,
853 4510 934 4584 Nos,
964 4509 1156 4592 capitulum
1184 4507 1262 4572 eccl.
1289 4508 1371 4573 Coll.
1397 4510 1577 4573 beatorum

471 4618 563 4682 Petri
591 4622 626 4680 et
653 4615 801 4680 Wiliridi
830 4614 954 4698 Ripon'
980 4614 1083 4677 Ebor.
1109 4613 1208 4687 dioc,
1233 4613 1402 4677 salutem¹
1428 4613 1462 4677 in
1487 4614 1577 4677 D’no

540 4783 548 4805 ¹
570 4785 584 4801 “
595 4778 711 4827 Sal'tm’'
727 4777 858 4841 repeated
872 4776 899 4823 in
913 4775 969 4823 MS.
