3950 5625
495 709 557 774 150
778 694 857 758 Tire
881 694 1037 757 Incursu
1061 693 1308 757 Manuscrurr.

492 871 683 957 infligendis
699 873 727 936 si
743 894 806 937 sua
823 872 990 937 demerita
1007 874 1071 937 hoc
1087 878 1285 956 exposcant.
1333 870 1422 935 Acta
1438 876 1522 935 sunt
1538 871 1597 933 hec

492 996 582 1039 anno
607 976 681 1041 loco
705 983 740 1041 et
765 976 819 1041 die
843 977 1059 1061 supradictis,
1085 977 1301 1060 presentibus
1325 976 1406 1039 d’no
1431 974 1535 1057 Joh'e
1558 974 1597 1038 de

493 1079 629 1145 Rednes
648 1082 929 1146 subthezaurario
949 1081 1087 1144 ecclesie
1107 1087 1142 1144 et
1161 1079 1299 1163 Vicarijs
1318 1079 1537 1162 supradictis.

510 1271 597 1353 (221)
627 1271 710 1351 (The
727 1272 876 1356 Chapter
893 1271 992 1336 order
1008 1272 1066 1336 the
1083 1273 1201 1336 Vicars
1218 1278 1254 1337 to
1271 1272 1338 1335 live
1354 1271 1388 1334 in
1405 1270 1595 1352 Common').

342 1418 415 1474 1408¹
581 1413 670 1477 Item
698 1412 763 1495 vij0
790 1413 844 1476 die
876 1412 972 1496 Julij,
1002 1414 1103 1477 Anno
1132 1413 1213 1476 D’ni
1240 1411 1450 1495 supradicto,
1481 1410 1597 1496 Mag’ri

325 1481 392 1544 ΝΥ
406 1495 421 1542 7
426 1521 431 1535 '
492 1515 600 1580 Will’s
621 1516 663 1579 de
684 1516 820 1591 Cawod,
843 1517 955 1580 Adam
977 1516 1020 1580 de
1042 1517 1240 1592 Fenrother,
1263 1522 1298 1580 et
1319 1516 1395 1580 d'ns
1417 1515 1537 1598 Joh'es
1558 1515 1596 1578 de

492 1620 597 1696 Dene,
626 1620 797 1696 Canoniei,
827 1621 860 1684 in
888 1621 992 1684 domo
1019 1620 1207 1704 Capitulari
1234 1626 1480 1695 conuenerunt,
1509 1619 1596 1703 capi-

492 1723 604 1788 tulum
622 1724 795 1800 facientes,
815 1725 1004 1808 habitoque
1023 1731 1176 1789 tractatu
1194 1746 1272 1789 cum
1290 1723 1435 1808 Vicarijs
1453 1724 1499 1788 ad
1517 1731 1596 1788 tunc

490 1829 714 1911 personaliter
743 1849 857 1892 eoram
888 1829 935 1892 eis
965 1829 1203 1904 existentibus,
1235 1829 1276 1893 de
1306 1835 1341 1892 et
1370 1848 1474 1912 super
1504 1849 1597 1892 mora

490 1953 552 1995 sua
580 1932 614 1997 in
643 1933 816 1996 communi
844 1953 963 1996 mensa
991 1933 1148 1997 iacienda
1176 1954 1237 2016 pro
1266 1939 1306 1997 ut
1335 1933 1382 1996 eis
1411 1932 1454 1997 al’
1486 1933 1597 1997 iuerat

489 2035 682 2100 iniunctum
710 2036 842 2100 vicibus
870 2037 995 2120 repetis
1025 2036 1095 2120 (sic)
1127 2058 1166 2100 ac
1194 2036 1414 2101 attendentes
1442 2057 1486 2100 ex
1514 2036 1594 2101 facti

488 2139 657 2223 qualitate
670 2146 705 2203 et
717 2140 957 2204 verisimilibus
969 2140 1173 2204 coniecturis
1185 2140 1279 2224 quod
1292 2139 1336 2204 ad
1348 2141 1596 2204 comorandum

489 2243 522 2307 in
543 2244 716 2308 communi
735 2250 838 2327 prout
858 2245 905 2308 eis
924 2244 1038 2327 sepius
1057 2245 1169 2309 luerat
1189 2245 1382 2309 iniunctum
1401 2265 1437 2308 se
1456 2245 1595 2309 minime

488 2347 728 2431 disponebant,
761 2349 821 2412 Mr.
854 2347 962 2412 Will’s
992 2348 1034 2412 de
1064 2348 1189 2412 Cawod
1219 2349 1293 2412 vice
1323 2355 1358 2412 et
1388 2349 1595 2413 auctoritate

487 2451 637 2535 Capituli
657 2452 701 2516 ad
721 2458 879 2537 rogatum
899 2458 934 2515 et
954 2452 996 2516 de
1016 2472 1175 2536 expresso
1194 2473 1360 2517 consensu
1380 2453 1594 2518 confratrum

487 2576 626 2620 suorum
650 2556 893 2638 predictorum,
919 2576 1034 2620 coram
1058 2556 1203 2639 Vicarijs
1227 2556 1354 2620 ibidem
1379 2557 1594 2640 presentibus

486 2659 674 2742 quamdam
690 2660 808 2724 billam
822 2681 928 2744 quam
944 2660 978 2723 in
994 2681 1100 2724 manu
1115 2682 1177 2725 sua
1193 2661 1333 2725 tenebat
1349 2660 1486 2743 publice
1501 2661 1591 2746 legit.

487 2762 655 2848 dictisque
672 2763 810 2848 Vicarijs
827 2763 988 2828 iniuncsit
1006 2770 1108 2847 prout
1126 2765 1160 2829 in
1178 2764 1272 2829 dicta
1288 2763 1369 2829 billa
1386 2765 1592 2840 continetur,

487 2868 583 2932 cuius
603 2874 702 2933 tenor
720 2869 885 2953 sequitur,
906 2876 941 2932 et
960 2875 1012 2932 ost
1032 2869 1120 2933 talis.

862 3061 949 3144 (222)
979 3061 1063 3144 (The
1087 3060 1311 3145 injunction).

340 3216 413 3274 1408,
578 3203 618 3267 ln
666 3203 728 3266 Dei
776 3203 924 3277 nomine,
972 3203 1093 3267 Amen.
1141 3204 1226 3267 Cum
1272 3224 1391 3287 nuper,
1440 3204 1516 3268 vice
1551 3211 1594 3268 et

316 3280 383 3343 May
399 3294 437 3329 ¹¹·
490 3307 696 3372 auctoritate
719 3307 868 3390 Capituli
890 3307 988 3370 vobis
1010 3307 1148 3390 vicarijs
1170 3308 1268 3372 istius
1290 3307 1427 3371 ecclesie
1448 3330 1594 3392 quorum

489 3412 643 3476 omnium
661 3418 695 3475 et
712 3397 922 3494 singulorum
939 3411 1080 3475 nomina
1096 3412 1263 3476 habemus
1280 3412 1335 3476 hic
1351 3433 1413 3495 pro
1430 3413 1595 3496 expressis

488 3515 522 3599 xj
552 3516 606 3579 die
632 3515 757 3579 mensis
785 3515 863 3598 Maij
893 3515 927 3579 in
955 3516 1020 3579 hac
1046 3515 1149 3579 domo
1175 3522 1294 3580 nostra
1320 3516 1509 3600 Capitulari
1536 3538 1594 3601 per

489 3619 722 3684 honorabilem
763 3619 876 3683 virum
917 3619 1119 3702 Magistrum
1159 3620 1272 3684 Adam
1313 3620 1355 3684 de
1396 3622 1593 3695 Fenrother,

292 3734 350 3782 The
362 3735 456 3783 Vicars
489 3724 691 3788 canonicum
740 3730 775 3787 et
824 3723 1100 3788 residenciarium
1150 3724 1248 3788 istius
1297 3725 1434 3789 ecclesie
1483 3726 1595 3790 iuerat

298 3800 370 3849 have
385 3802 452 3849 been
489 3828 650 3892 canonice
690 3826 883 3892 iniunctum
923 3834 957 3891 et
998 3827 1033 3891 in
1073 3828 1203 3892 virtute
1242 3835 1360 3892 sancte
1400 3829 1595 3894 obediencie

290 3869 421 3982 enqpquq
432 3872 463 3917 to
488 3931 737 3997 demandatum
759 3938 799 3996 vt
817 3931 1035 4015 prouideritis
1051 3932 1150 3995 vobis
1173 3932 1215 3995 de
1239 3932 1342 3996 domo
1366 3932 1455 3997 infra
1479 3928 1595 3997 beder-

275 4014 472 4116 tfigffffleffl
488 4057 569 4100 nam
608 4039 680 4100 siue
718 4057 877 4100 mansum
915 4035 1121 4099 vicariorum
1154 4035 1188 4099 in
1221 4058 1291 4120 qua
1323 4036 1426 4100 domo
1459 4038 1596 4120 possitis

487 4139 589 4204 simul
610 4138 785 4204 comedere
807 4146 842 4203 et
864 4139 899 4203 in
922 4159 1040 4204 mensa
1061 4139 1184 4201 vestris
1206 4140 1402 4222 sumptibus
1423 4140 1539 4204 viuere
1561 4141 1595 4204 in

487 4243 661 4307 communi
675 4243 762 4307 citra
775 4243 866 4307 diem
881 4243 976 4307 Lune
991 4263 1087 4326 prox.
1104 4249 1183 4325 post
1197 4243 1324 4306 festum
1339 4242 1595 4326 Assumpcionis

487 4346 634 4431 Virginis
665 4346 807 4431 gloriose
839 4368 935 4430 prox.
970 4346 1127 4410 futurum
1159 4352 1261 4429 prout
1294 4347 1358 4410 hoc
1389 4347 1480 4411 idem
1512 4347 1594 4411 alias

487 4451 585 4514 vobis
606 4451 719 4516 iuerat
740 4450 933 4515 iniunctum
954 4456 990 4513 et
1011 4450 1283 4525 demandatum;
1309 4449 1448 4534 Nosque
1470 4450 1594 4515 Willel-

486 4575 563 4619 mus
585 4553 628 4618 de
651 4553 786 4629 Cawod,
810 4554 924 4618 Adam
947 4554 989 4617 de
1013 4554 1202 4618 Fenrother
1224 4560 1258 4617 et
1282 4554 1400 4635 Joh’es
1422 4554 1464 4617 de
1488 4555 1592 4628 Dene,

486 4658 640 4723 canonici
656 4664 690 4721 et
705 4657 921 4740 prebendarii
937 4658 1189 4741 prebendarum
1205 4658 1246 4722 de
1262 4657 1407 4740 Thorpe
1425 4657 1592 4740 Nonwyk,

486 4768 521 4827 et
554 4763 596 4827 de
630 4762 887 4847 Staynwygges
921 4760 1078 4826 nolentes
1110 4768 1229 4826 nostra
1262 4762 1399 4826 decreta
1432 4783 1492 4825 seu
1528 4762 1590 4845 (61)
