3950 5625
405 709 469 774 214
688 689 767 755 'sua
792 689 948 754 lnorrsv
972 687 1219 752 Manuscmpr.

406 870 485 935 eccl.
508 870 583 935 coll.
604 869 760 954 predicta
779 888 840 953 per
858 888 981 931 manus
1002 866 1183 950 Camerarij
1207 866 1360 930 eiusdem
1381 866 1529 930 ecclesie

406 974 543 1058 qui‘pro
559 980 712 1057 tempore
727 972 830 1036 fuerit
846 971 890 1035 ad
904 977 1056 1056 quatuor
1070 970 1151 1034 anni
1167 970 1340 1045 terminos,
1358 970 1527 1034 videlicet

407 1078 472 1142 S'ci
509 1078 638 1141 Thome
674 1076 831 1160 Apostoli
866 1081 947 1139 ante
983 1073 1109 1138 Natale
1145 1073 1236 1149 D'ni,
1273 1074 1526 1158 Concepcionis

407 1183 507 1246 beate
528 1182 632 1246 Marie
651 1181 802 1265 virginis
824 1179 1029 1243 Natiuitatis
1048 1179 1142 1242 beati
1162 1178 1272 1261 Joh’is
1292 1178 1467 1263 Baptiste,
1489 1185 1525 1242 et

408 1286 473 1350 S'ci
498 1285 671 1349 Michaelis
694 1282 896 1367 Archangeli
921 1303 981 1366 per
1004 1282 1141 1366 equales
1164 1282 1363 1366 porciones:
1403 1283 1524 1347 Primo

408 1410 489 1453 vero
523 1389 669 1453 termino
702 1387 883 1452 solucionis
917 1386 1101 1469 incipiente
1134 1387 1169 1449 in
1202 1386 1295 1450 dicto
1329 1387 1419 1450 festo
1455 1387 1522 1451 S’ci

408 1494 538 1557 Thome
572 1513 667 1576 prox.
704 1493 821 1556 futuro
855 1497 933 1574 post
967 1491 1088 1555 datam
1121 1490 1344 1574 presencium.
1407 1491 1522 1575 Quam

408 1597 548 1681 quidem
562 1579 760 1682 pensionem
774 1597 816 1661 de
831 1595 1010 1669 fructibus
1026 1594 1227 1669 redditibus
1243 1601 1278 1658 et
1291 1596 1522 1678 prouentibus

408 1701 560 1765 eiusdem
577 1701 703 1764 vicarie
721 1700 882 1783 predictis
899 1699 973 1763 loco
991 1705 1026 1762 et
1044 1699 1198 1762 terminis
1215 1699 1259 1763 ad
1277 1704 1391 1762 totam
1409 1699 1521 1763 vitam

408 1805 552 1888 predicti
592 1805 663 1870 d'ni
704 1804 822 1868 Rob’ti
863 1803 1045 1867 annuatim
1084 1809 1124 1866 vt
1163 1803 1334 1886 prefertur
1373 1803 1522 1868 fideliter

408 1910 669 1993 persoluendam
684 1908 819 1992 prefato
833 1908 914 1971 d’no
930 1906 1068 1991 Hugoni
1083 1907 1211 1971 vicario
1225 1907 1351 1971 vicarie
1366 1909 1521 1991 predicte

408 2021 442 2077 et
466 2013 715 2077 successoribus
738 2013 807 2075 suis
830 2011 889 2095 qui
913 2031 974 2094 pro
998 2017 1152 2094 tempore
1175 2010 1303 2075 fuerint
1326 2011 1361 2075 in
1384 2013 1519 2088 eadem,

408 2118 523 2202 vigore
544 2124 578 2181 et
600 2117 729 2181 virtute
750 2115 985 2180 submissionis
1007 2115 1159 2199 predicte
1180 2137 1220 2179 ac
1240 2116 1409 2200 presentis
1431 2117 1520 2182 ordi-

408 2221 560 2285 nacionis
583 2227 708 2295 nostre,
734 2226 906 2304 quantum
930 2220 972 2284 de
997 2219 1068 2284 iure
1092 2206 1284 2302 possumus
1309 2220 1521 2304 imponimus

408 2347 486 2390 cum
513 2326 648 2396 effectu,
677 2346 717 2389 ac
742 2325 889 2388 eundem
916 2324 1012 2387 d'nm
1039 2324 1222 2408 Hugonem
1248 2330 1283 2388 et
1309 2319 1521 2391 successores

408 2451 487 2494 suos
505 2430 547 2493 de
565 2430 658 2493 dicta
675 2429 837 2512 pensione
854 2428 958 2491 modo
975 2449 1045 2512 quo
1062 2429 1276 2512 premittitur
1292 2430 1522 2513 persoluenda

408 2534 590 2598 efficaciter
600 2553 781 2597 oneramus
797 2553 803 2608 ;
830 2532 1018 2616 Ipsumque
1030 2538 1064 2596 et
1075 2533 1166 2615 ipsos
1177 2539 1295 2596 tenore
1305 2536 1521 2617 presencium

409 2658 587 2702 monemus
612 2637 722 2720 primo
746 2636 896 2700 secundo
921 2642 956 2700 et
981 2637 1086 2700 tercio
1110 2658 1150 2700 ac
1174 2638 1414 2720 peremptorie,
1441 2660 1520 2703 cum

409 2742 519 2827 pietas
544 2742 688 2806 suadeat
713 2747 748 2805 et
764 2741 1016 2825 premissorum
1041 2740 1190 2825 qualitas
1215 2741 1250 2805 id
1275 2748 1453 2826 exposcat,
1480 2748 1519 2807 vt

409 2848 498 2910 hanc
513 2854 667 2910 nostram
683 2846 937 2910 ordinacionem
954 2852 988 2909 et
1005 2845 1137 2930 singula
1152 2851 1317 2910 contenta
1333 2846 1368 2910 in
1384 2848 1517 2923 eadem,

409 2956 581 3035 quatenus
600 2971 678 3013 eum
698 2956 733 3013 et
753 2970 810 3013 eos
829 2956 1051 3025 concernunt,
1072 2949 1263 3032 proficiant,
1285 2949 1465 3034 impleant,
1487 2958 1521 3015 et

409 3057 593 3119 obseruent
627 3055 691 3118 sub
726 3075 815 3137 pena
849 3053 1216 3117 excommunicacionis
1250 3074 1356 3138 quam
1392 3061 1522 3121 extunc

409 3165 512 3243 prout
529 3165 657 3224 extunc
673 3164 707 3221 et
725 3164 853 3221 extunc
870 3163 973 3240 prout
990 3163 1128 3233 extunc,
1146 3158 1311 3222 canonica
1327 3159 1521 3224 monicione

409 3262 621 3347 premissam
636 3283 714 3325 eum
728 3268 762 3325 et
777 3260 887 3324 eosac
900 3261 1089 3344 quemlibet
1103 3262 1289 3326 eorundem
1302 3262 1523 3347 singulariter

409 3373 444 3430 et
465 3366 615 3451 singulos
636 3366 663 3429 si
684 3364 880 3429 huiusmodi
901 3371 1017 3429 nostre
1038 3365 1256 3430 ordinacione
1276 3387 1345 3430 non
1367 3369 1522 3450 paruerit

409 3492 468 3535 seu
499 3470 674 3554 paruerint
706 3468 909 3552 proferimus
940 3470 975 3533 in
1006 3468 1073 3552 hijs
1103 3470 1248 3552 scriptis,
1296 3471 1521 3554 Sequestrum

410 3574 518 3638 eciam
549 3579 706 3638 nostrum
737 3573 772 3637 in
804 3573 973 3637 fructibus
1005 3573 1196 3638 redditibus
1226 3580 1262 3638 et
1293 3576 1521 3659 prouentibus

410 3678 502 3743 dicte
535 3676 659 3742 vicarie
692 3698 827 3741 exnunc
859 3677 1068 3761 imponimus
1100 3678 1128 3741 si
1160 3678 1274 3742 dictus
1306 3679 1383 3743 d'ns
1418 3681 1521 3765 Hugo

410 3782 558 3847 vicarius
576 3782 760 3846 modernus
778 3802 837 3846 seu
856 3802 1064 3846 successores
1082 3783 1134 3845 sui
1152 3782 1187 3846 in
1206 3782 1300 3847 dicta
1317 3783 1448 3849 vicaria
1465 3785 1521 3849 vel

411 3906 528 3951 eorum
549 3886 672 3969 aliquis
692 3885 793 3949 dictis
813 3886 886 3950 loco
907 3892 941 3949 et
962 3886 1116 3949 terminis
1135 3886 1190 3949 vel
1210 3907 1328 3951 eorum
1348 3887 1466 3973 aliquo
1485 3889 1519 3954 in

410 3990 582 4055 solucione
609 3990 700 4054 dicte
727 3989 898 4073 pensionis
924 3990 959 4054 in
985 3995 1084 4073 parte
1111 3991 1166 4054 vel
1192 3991 1227 4054 in
1254 3996 1330 4055 toto
1357 3992 1519 4056 defecerit

410 4095 466 4159 vel
490 4094 675 4159 defecerint
700 4094 955 4177 quoquomodo
981 4095 1146 4158 canonica
1170 4095 1361 4159 monicione
1385 4116 1519 4181 semper

411 4199 585 4283 premissa,
616 4204 656 4261 vt
685 4198 863 4281 prefertur.
924 4197 1090 4262 Volumus
1119 4199 1227 4262 eciam
1256 4206 1290 4262 et
1320 4200 1519 4265 ordinamus

410 4303 504 4387 quod
526 4302 699 4385 predictus
721 4302 797 4366 d'ns
819 4301 921 4385 Hugo
942 4302 1090 4366 vicarius
1112 4301 1295 4366 modernus
1317 4308 1351 4366 et
1373 4304 1518 4387 quilibet

410 4407 482 4471 eius
513 4426 686 4470 successor
717 4406 751 4469 in
782 4406 911 4469 vicaria
942 4406 1097 4489 predicta
1128 4407 1163 4470 in
1195 4407 1300 4470 futur’
1334 4407 1369 4471 in
1400 4428 1517 4473 eorum

410 4510 573 4593 primaria
597 4509 801 4573 admissione
826 4509 924 4584 iuret,
951 4510 1054 4573 tactis
1078 4511 1303 4574 sacrosanctis
1327 4511 1391 4575 Dei
1415 4532 1517 4576 euan-

408 4614 506 4697 gelijs
536 4614 630 4699 quod
661 4613 785 4676 soluet1
817 4613 947 4677 dictam
979 4634 1130 4678 annuam
1161 4614 1369 4697 pensionem,
1402 4617 1515 4691 mod0,

481 4771 488 4793 ¹
502 4766 561 4816 The
570 4771 586 4790 ‘⁴
596 4766 633 4816 t’'
644 4767 666 4815 is
675 4766 801 4815 followed
811 4767 850 4829 by
859 4766 906 4813 the
915 4766 995 4814 usual
1004 4766 1083 4813 mark
1092 4766 1134 4814 for
1144 4772 1159 4787 ‘⁴
1169 4766 1219 4823 is,‘’
1229 4781 1259 4815 as
1267 4766 1289 4814 if
1297 4767 1339 4817 for
1349 4772 1364 4789 ‘⁴
1373 4768 1514 4818 soluetis.''
