3950 5625
716 698 814 763 Acrs
838 717 885 762 or
909 698 1099 764 cmprm.
1420 716 1455 760 21

359 873 479 937 Abbati
514 886 550 938 et
582 873 769 937 conuentui
803 872 976 956 predictis,
1011 873 1069 955 qui
1102 885 1184 936 sunt
1211 885 1243 936 et
1270 884 1371 936 erunt
1399 891 1461 953 pro
1508 875 1673 936 rrrsagreed

358 987 519 1054 tempore,
540 971 598 1035 die
616 971 734 1034 Sancti
754 970 938 1034 Michaelis
954 970 1102 1053 aliisque
1118 971 1242 1035 diebus
1266 974 1300 1051 (9
1313 972 1361 1050 v.)
1376 969 1459 1032 anni
1476 942 1634 1057 fflfflhffl

357 1071 505 1155 singulis
533 1070 568 1133 in
596 1069 688 1133 dicta
716 1069 859 1151 Capella
887 1068 975 1132 inira
1003 1068 1090 1133 lines
1117 1084 1151 1134 et
1178 1071 1305 1134 limites
1334 1068 1666 1151 prefateandonsonc

357 1170 496 1234 ecclesie
524 1168 680 1254 Rypon',
706 1181 741 1231 vt
765 1169 983 1250 premittitur,
1008 1169 1146 1242 situata,
1167 1169 1266 1233 liceat
1289 1170 1461 1232 celebrare
1476 1138 1636 1265 ffifleJJJJJ

356 1283 387 1334 et
401 1267 513 1334 facere
538 1269 703 1333 celebrari
730 1283 831 1352 prout
854 1268 905 1333 eis
928 1268 1090 1350 expedire
1115 1269 1297 1343 videbitur,
1326 1289 1460 1332 necnon
1476 1272 1543 1318 suan
1557 1271 1626 1344 haye

357 1369 475 1433 Abbas
510 1382 544 1432 et
582 1381 777 1433 conuentus
817 1369 958 1451 predicti
999 1370 1189 1452 percipient
1220 1382 1253 1433 et
1285 1369 1462 1432 habebunt
1476 1334 1651 1448 21:¹5⁸&ng

356 1468 556 1531 oblaciones
609 1481 643 1531 et
688 1468 925 1531 obuenciones
971 1489 1199 1551 quascunque
1245 1469 1287 1531 ad
1334 1464 1675 1531 dictam¹¹¹e⁰b¹³¹i⁰⁰⁵2

357 1567 535 1651 Capellam
555 1567 800 1649 prouenientes
816 1567 859 1629 ad
879 1579 1078 1648 perpetuam
1094 1566 1229 1630 firmam
1244 1568 1286 1631 de
1300 1568 1462 1649 Capitulo

357 1680 574 1743 memorato;
605 1667 798 1731 Reddendo
827 1667 906 1731 inde
933 1667 1037 1730 annis
1064 1667 1217 1751 singulis
1246 1667 1279 1729 in
1309 1665 1460 1729 futurum
1478 1690 1660 1751 ,emmingw

357 1768 510 1850 predicto
542 1767 706 1850 Capitulo
738 1766 772 1828 in
800 1766 946 1829 ecclesia
973 1765 1114 1849 Rypon’
1141 1766 1292 1848 predicta
1317 1766 1350 1828 in
1377 1755 1659 1868 festofflss'bfihzl'ffl

358 1867 595 1932 Exaltacionis
635 1869 761 1931 Sancte
801 1864 922 1930 Crucis
957 1866 1094 1930 racione
1126 1877 1159 1929 et
1192 1866 1332 1929 nomine
1364 1863 1462 1927 firme
1478 1855 1572 1949 yiars

357 1967 518 2049 predicte,
538 1967 627 2031 duos
644 1967 775 2030 solidos
792 1979 825 2030 et
841 1988 901 2030 sex
925 1966 1087 2030 denarios
1111 1966 1360 2050 sterlingorum
1386 1965 1462 2029 sine
1511 1989 1571 2037 Anu
1584 2005 1619 2037 nn

356 2067 508 2131 vlteriori
526 2067 698 2131 dilacione
715 2090 721 2140 ;
748 2066 923 2150 Quodque
942 2067 1059 2130 nullus
1073 2066 1285 2148 Capellanus
1303 2066 1354 2129 vel
1373 2065 1463 2127 alius
1478 2055 1669 2168 fflssg'r'ffiffi‘ssssul

355 2166 588 2249 quiscumque
607 2167 748 2230 nomine
765 2168 817 2230 vel
844 2189 885 2230 ex
911 2179 1005 2250 parte
1030 2167 1109 2230 dicti
1137 2167 1287 2248 Capituli
1314 2167 1347 2227 in
1373 2166 1464 2230 dicta
1479 2202 1513 2233 on
1527 2135 1661 2233 scribtor·

356 2266 501 2349 Capella
546 2267 601 2331 die
646 2266 764 2330 Sancti
814 2267 998 2331 Michaelis
1043 2268 1166 2331 aliisve
1211 2267 1334 2330 diebus
1379 2266 1461 2329 anni
1479 2251 1660 2364 [fficffilg‘e‘

355 2366 544 2430 celebrabit
589 2388 650 2430 seu
699 2365 797 2431 faciet
840 2368 1016 2443 celebrari,
1063 2369 1114 2432 vel
1159 2367 1359 2431 oblaciones
1402 2389 1462 2431 seu
1479 2355 1557 2456 bran·
1570 2397 1601 2428 or

355 2466 594 2529 obuenciones
625 2466 668 2529 de
699 2466 827 2548 quibus
859 2482 891 2531 et
924 2479 1025 2548 prout
1061 2467 1268 2549 premittitur
1300 2466 1464 2549 percipiet
1479 2445 1680 2560 {ssssssffilfffflss

353 2564 537 2646 aliquales,
557 2577 609 2629 set
626 2566 719 2646 quod
738 2565 859 2631 Abbas
876 2582 909 2631 et
925 2580 1119 2631 conventus
1138 2567 1294 2648 prelibati
1315 2566 1347 2628 in
1373 2567 1463 2631 dicta
1479 2550 1557 2639 days*

355 2663 501 2746 Capella
543 2679 578 2726 vt
626 2665 834 2747 premittitur
878 2667 981 2730 annis
1027 2666 1181 2750 singulis
1229 2666 1261 2728 in
1310 2665 1479 2728 futurum

354 2763 582 2829 celebrabunt
613 2776 646 2829 et
673 2762 797 2831 facient
822 2768 1011 2841 celebrari3
1046 2788 1178 2831 necnon
1208 2767 1408 2831 oblaciones
1432 2781 1464 2831 et

354 2863 593 2926 obuenciones
623 2865 813 2947 percipient
840 2879 872 2930 et
904 2866 1082 2930 habebunt
1112 2880 1330 2938 memoratas,
1364 2878 1464 2947 prout

353 2961 406 3026 eis
449 2962 623 3026 videbitur
665 2964 850 3047 expedire;
894 2967 944 3028 lta
983 2982 1097 3028 tamen
1138 2967 1231 3047 quod
1272 2966 1393 3029 llbbas
1431 2980 1464 3029 et
1513 2973 1678 3020 turturum

354 3074 552 3126 conuentus
571 3064 750 3126 memorati
767 3065 826 3146 qui
848 3078 982 3128 suntet
1003 3080 1103 3129 erunt
1129 3087 1190 3147 pro
1214 3080 1379 3147 tempore,
1402 3087 1463 3128 nec
1478 3038 1633 3151 [ΙΙᾟΙῙἚΕΨ

353 3161 484 3243 aliquis
511 3161 665 3243 ipsorum
698 3164 848 3238 nomine,
881 3164 913 3225 in
947 3165 1038 3227 dicta
1069 3165 1201 3246 capella
1233 3177 1458 3238 sacramenta,
1478 3170 1634 3230 nallingin

353 3262 632 3336 sacramentalia,
654 3263 706 3326 vel
725 3264 819 3326 aliud
840 3264 1028 3345 quicquam
1054 3264 1146 3345 quod
1174 3264 1206 3325 in
1234 3262 1460 3345 preiudieium
1477 3234 1666 3358 Jfflffih„

355 3360 446 3424 dicte
469 3362 551 3423 eccl.
582 3359 722 3444 Rypon’
740 3363 860 3426 cedere
886 3364 1020 3445 poterit,
1044 3364 1096 3426 vel
1122 3363 1233 3426 eidem
1258 3363 1402 3426 ecclesie
1427 3363 1459 3424 in
1478 3350 1607 3427 chapter,

354 3459 497 3544 Juribus
514 3461 588 3523 suis
606 3461 863 3541 parochialibus
880 3463 1071 3545 dampnum
1090 3463 1324 3544 quouismodo
1341 3461 1461 3525 afferre

356 3559 493 3636 facient,
541 3559 796 3637 ministrabunt,
839 3565 1058 3637 exercebunt,
1100 3562 1210 3638 faciet,
1253 3564 1462 3627 ministrabit
1476 3582 1580 3640 arnan

355 3658 554 3741 aliqualiter
569 3680 629 3722 seu
647 3662 818 3725 exercebit
836 3686 842 3738 ;
869 3664 975 3726 Salva
993 3684 1130 3745 semper
1151 3663 1251 3726 dictis
1276 3663 1404 3727 Abbati
1429 3678 1461 3727 et
1477 3644 1575 3757 ζζζζξ
1587 3643 1677 3756 ῙἮΕΗΝ

357 3758 544 3823 conuentui
563 3758 723 3823 facultate
739 3760 859 3822 diuina
883 3761 916 3822 in
942 3762 1033 3824 dieta
1050 3762 1193 3843 Capella
1209 3762 1404 3826 celebrandi
1430 3776 1462 3826 et
1478 3747 1565 3838 *sigini
1577 3776 1666 3822 above

357 3858 505 3922 faciendi
537 3859 720 3934 celebrare,
754 3881 794 3922 ac
825 3861 1026 3924 oblaciones
1057 3875 1090 3924 et
1121 3862 1356 3925 obuenciones
1389 3841 1628 3943 per-⁰⁰'¹⁰⁶d⁸‘¹‘

357 3957 508 4040 cipiendi
526 3972 559 4021 et
576 3958 737 4034 habendi,
756 3973 857 4041 prout
870 3962 1032 4041 superius
1045 3975 1096 4024 est
1108 3983 1322 4044 expressum.
1375 3961 1417 4023 Et
1434 3962 1461 4025 si

357 4058 540 4141 contingat
556 4057 685 4120 dictum
703 4081 859 4122 annuum
878 4082 1021 4124 censum
1042 4062 1181 4124 nomine
1198 4061 1295 4124 firme
1314 4062 1463 4144 predicte
1478 4041 1677 4154 difflffi‘ffi„

357 4156 506 4221 duorum
536 4157 726 4221 solidorum
755 4172 788 4222 et
815 4182 875 4222 sex
903 4160 1124 4223 denariorum
1153 4184 1173 4223 a
1203 4177 1290 4225 retro
1317 4162 1463 4226 existere
1478 4172 1565 4249 φάεα
1586 4179 1613 4216 ro
1633 4169 1677 4214 the

359 4278 419 4339 per
461 4269 539 4320 octo
579 4257 652 4321 dies
696 4274 773 4341 post
814 4260 965 4341 aliquem
1007 4261 1191 4324 terminum
1234 4276 1460 4325 memoratum
1478 4239 1608 4295 chapter.

357 4356 574 4439 temporibus
614 4358 812 4439 profuturis,
857 4361 997 4442 predicti
1039 4361 1160 4424 Abbas
1198 4375 1231 4424 et
1269 4375 1463 4425 conuentus

357 4457 482 4520 volunt
501 4468 533 4520 et
557 4458 750 4521 concedunt
775 4480 836 4541 pro
861 4482 897 4523 se
921 4473 953 4522 et
981 4461 1240 4524 successoribus
1265 4462 1349 4536 suis,
1369 4460 1462 4542 quod

355 4569 499 4621 extunc
517 4558 603 4620 bene
622 4558 721 4621 liceat
739 4560 900 4641 predictis
920 4560 1179 4624 venerabilibus
1204 4560 1287 4623 viris
1311 4560 1463 4642 capitulo

356 4655 503 4721 ecclesie
522 4655 663 4739 Rypon'
680 4672 713 4721 et
731 4659 898 4721 ministris
915 4660 989 4723 suis
1008 4660 1040 4721 in
1064 4659 1218 4722 manerio
1234 4681 1295 4723 seu
1313 4659 1464 4743 grangia

355 4758 529 4821 dictorum
548 4755 695 4820 Abbatis
719 4770 752 4821 et
769 4758 973 4822 Conuentus
990 4758 1032 4822 de
1050 4759 1175 4821 Sutton
1195 4758 1289 4821 iuxta
1308 4756 1461 4841 Rypon',
