3950 5625
481 661 545 730 254
768 645 848 711 THE
873 645 1030 713 Incneu
1054 649 1300 715 Manuscnn’r.

483 826 571 910 (351)
604 826 741 891 Lunna
764 842 1040 891 rusrmoumms
1065 844 1180 891 suren
1203 845 1480 892 cninomcmuu
1506 846 1593 893 uar-

525 948 672 1010 muomJ
703 948 813 994 mrsu
844 931 1005 995 TquAM
1037 919 1269 996 Wn'rrunrou
1301 950 1346 996 Er
1378 934 1593 998 Minoum

525 1035 658 1101 Pvcor.

569 1178 767 1263 Capitulum
805 1180 895 1245 Eccl.
928 1180 1010 1245 Coll
1042 1182 1223 1245 beatorum
1255 1181 1348 1245 Petri
1378 1189 1413 1246 et
1444 1182 1592 1248 Wilfridi

482 1282 618 1366 Ripon',
659 1284 762 1348 Ebor.
801 1283 899 1358 dioc,
935 1285 1103 1349 vniuersis
1137 1286 1210 1369 xpi'
1232 1285 1389 1350 fidelibus
1425 1287 1470 1351 ad
1506 1309 1593 1372 quos

480 1395 654 1470 presentes
666 1388 761 1452 litere
772 1395 887 1452 nostre
899 1389 1146 1454 testimoniales
1156 1391 1384 1474 peruenerint,
1397 1391 1547 1455 salutem
1557 1392 1591 1456 in

479 1492 833 1575 D'nosempitemam.
867 1493 953 1557 Cum
963 1494 1008 1557 sit
1018 1494 1125 1578 pium,
1138 1494 1320 1571 laudabile,
1332 1501 1367 1558 et
1378 1496 1592 1561 meritorium

477 1597 661 1680 vnicuique
685 1597 921 1662 testimonium
944 1598 1085 1662 veritati
1108 1599 1295 1683 perhibere,
1320 1605 1355 1663 et
1380 1600 1532 1664 maxime
1555 1602 1590 1664 in

477 1701 544 1784 hijs
569 1722 645 1785 -que
681 1701 725 1765 ad
761 1722 891 1766 meram
926 1703 1120 1767 animarum
1155 1704 1214 1787 xpi
1250 1703 1403 1768 fidelium
1439 1705 1588 1769 salutem

476 1812 636 1890 spectant
669 1805 860 1882 manifeste,
895 1807 974 1870 hinc
1008 1814 1059 1870 est
1092 1807 1186 1891 quod
1220 1808 1438 1872 uniuersitati
1473 1815 1586 1873 vestre

476 1910 721 1974 innotescimus
763 1930 824 1994 per
866 1918 1049 1994 presentes
1098 1912 1186 1995 Quia
1229 1932 1270 1976 ex
1313 1919 1413 1996 parte
1457 1913 1588 1977 Thome

476 2014 674 2078 Watterton
696 2014 754 2098 filij
779 2021 813 2078 et
835 2015 967 2079 heredis
988 2015 1060 2079 d’ni
1083 2016 1202 2080 Rob’ti
1223 2016 1432 2092 Watterton,
1456 2017 1586 2093 militis,

476 2119 560 2182 dicti
592 2120 695 2184 Ebor.
729 2119 871 2183 diocesis
903 2119 945 2183 de
977 2121 1012 2183 in
1044 2126 1078 2183 et
1111 2140 1213 2204 super
1245 2121 1467 2185 Matrimonio
1499 2122 1589 2186 inter

476 2223 650 2306 prefatum
667 2223 836 2286 Thomam
853 2224 1051 2288 Watterton
1069 2231 1103 2287 et
1122 2224 1318 2288 Marioriam
1335 2224 1466 2310 Pygott
1483 2226 1589 2290 filiam

475 2334 510 2391 et
528 2348 634 2391 vnam
652 2327 811 2390 heredem
831 2328 961 2392 Thome
982 2328 1111 2413 Pygott
1130 2326 1293 2413 armigeri
1305 2330 1415 2412 nuper
1433 2329 1589 2395 defuncti

475 2431 733 2515 solempnizat0,
748 2430 946 2516 diligentem
959 2432 1102 2496 fecimus
1115 2433 1387 2517 inquisicionem,
1406 2454 1468 2517 per
1483 2456 1590 2519 quam

474 2536 614 2620 quidem
630 2536 890 2619 inquisicionem
906 2537 1101 2600 inuenimus
1117 2537 1376 2601 Matrimonium
1391 2532 1590 2603 huiusmodi

475 2640 578 2704 fuisse
612 2647 646 2704 et
680 2661 751 2703 esse
785 2640 874 2704 inter
907 2641 1082 2724 prelatum
1116 2642 1285 2706 Thomam
1319 2642 1521 2708 Watterton
1555 2650 1589 2707 et

476 2745 671 2808 Marioriam
705 2745 834 2830 Pygott
867 2745 902 2808 in
935 2745 1026 2810 Eccl.
1061 2745 1249 2831 Collegiata
1281 2753 1400 2811 nostra
1433 2748 1589 2832 predicta

475 2850 627 2934 quadam
643 2849 697 2914 die
712 2851 840 2914 mensis
856 2850 935 2933 Maij
954 2850 1039 2914 hora
1053 2851 1152 2934 quasi
1167 2851 1300 2915 decima
1315 2857 1396 2916 ante
1411 2854 1589 2917 meridiem

475 2956 627 3019 eiusdem
650 2954 726 3029 diei,
745 2976 836 3018 anno
853 2955 946 3039 regni
971 2954 1073 3039 Regis
1096 2956 1235 3019 Henrici
1258 2956 1403 3040 Septimi
1425 2958 1589 3022 vicesimo

476 3060 591 3134 tercio,
610 3079 670 3142 per
686 3059 910 3123 reuerendum
927 3059 962 3123 in
978 3080 1048 3143 xpo
1068 3066 1203 3143 patrem
1223 3059 1319 3124 d'nm
1339 3060 1492 3143 Joh’em¹
1517 3062 1586 3145 (sic)

476 3164 705 3248 Negropontis
725 3164 944 3247 Episcopum,
964 3184 1004 3227 ac
1023 3163 1310 3228 Reuerendissimi
1326 3165 1361 3228 in
1381 3165 1462 3250 Xpo
1480 3168 1589 3251 patris

475 3274 510 3332 et
534 3268 605 3331 d'ni
629 3267 701 3331 d’ni
724 3267 854 3330 Thome
879 3267 1019 3351 Savege,
1045 3274 1129 3331 tunc
1153 3268 1316 3351 temporis
1340 3269 1443 3334 Ebor.
1470 3270 1589 3335 Archi-

476 3372 623 3455 episcopi
668 3371 933 3455 suffraganeum,
974 3372 1049 3446 rite,
1086 3371 1232 3455 publice,
1276 3372 1509 3455 solempniter,
1553 3380 1588 3438 et

476 3476 659 3540 honorifice
684 3474 895 3539 celebratum
920 3481 954 3538 et
978 3476 1219 3540 indubitanter
1242 3477 1531 3560 solempnizatum
1555 3479 1588 3542 in

475 3580 650 3665 presencia
669 3600 731 3663 pro
751 3579 871 3643 maiori
891 3586 990 3663 parte
1010 3580 1165 3644 omnium
1184 3581 1420 3645 ministrorum
1439 3582 1475 3647 in
1495 3583 1589 3646 dicta

477 3684 636 3749 Ecclesia·
647 3690 765 3748 nostra
783 3684 908 3748 cotidie
927 3684 1045 3748 diuina
1063 3685 1348 3761 ministrancium,
1369 3707 1409 3750 ac
1426 3687 1537 3751 eciam
1555 3688 1588 3751 in

479 3789 652 3873 presencia
671 3789 883 3852 diuersorum
903 3788 1155 3853 honorabilium
1174 3790 1326 3853 viromm
1345 3796 1419 3853 tam
1438 3791 1588 3856 militum

283 3954 307 4000 A
362 3950 429 3999 Mn
479 3915 584 3978 quam
617 3894 861 3977 armigerorum
893 3900 927 3957 et
960 3913 1200 3977 generosomm
1233 3894 1314 3958 dict.
1350 3895 1452 3959 Ebor.
1487 3895 1587 3969 dioc,

320 3963 448 4067 {remig
479 4019 611 4063 necnon
644 3998 855 4061 diuersarum
888 4004 1079 4061 ceterarum
1110 3998 1333 4062 honestarum
1365 4019 1588 4081 personarum

279 4086 457 4211 nffissssffiss‘l)
480 4103 524 4167 ad
552 4102 695 4186 nupcias
722 4102 918 4165 huiusmodi
946 4102 1184 4178 invitatarum,
1214 4103 1248 4166 in
1277 4122 1420 4166 numero
1447 4110 1588 4168 centum

295 4218 438 4267 attended.
480 4214 515 4272 et
548 4207 649 4271 ultra.
698 4206 738 4269 In
772 4226 918 4289 quorum
952 4206 1106 4270 omnium
1139 4207 1382 4290 premissorum
1415 4206 1519 4271 fidem
1552 4214 1586 4271 et

480 4311 716 4376 testimonium
753 4310 900 4394 sigillum
937 4317 1095 4374 nostrum
1132 4311 1176 4374 ad
1214 4331 1334 4375 causas
1371 4312 1588 4394 presentibus

479 4416 606 4500 apponi
629 4415 781 4479 lecimus
830 4415 910 4478 Dat.
936 4415 970 4478 in
994 4413 1097 4478 domo
1120 4421 1239 4479 nostra
1261 4415 1450 4499 Capitulari
1473 4415 1588 4500 quoad

477 4520 720 4605 sigillacionem
747 4518 970 4602 presencium,
998 4519 1160 4582 vicesimo
1186 4519 1240 4582 die
1266 4520 1392 4582 mensis
1417 4519 1586 4603 Januarij,

477 4626 578 4689 Anno
597 4624 678 4687 D'ni
697 4623 839 4687 Mill’mo
856 4622 1139 4707 Quingentesimo
1159 4623 1408 4688 Sextodecimo

550 4768 555 4789 ¹
577 4761 699 4809 Richard
719 4760 833 4818 Wilson‚
852 4764 952 4827 bishop
971 4764 1001 4811 ot
1020 4763 1191 4827 Negropont,
1212 4780 1268 4813 was
1288 4764 1434 4827 suffragan
1453 4765 1483 4812 ot
1502 4764 1584 4817 York‚

481 4830 661 4893 1515-1518.
700 4827 814 4885 Stubbs,
834 4829 897 4894 Reg.
919 4830 994 4878 Sacr.
1014 4830 1105 4893 Angl„
1130 4833 1204 4892 1897,
1226 4844 1285 4879 202.
