3950 5625
797 759 890 824 Acrs
914 777 959 825 or
982 759 1161 826 Camari.
1469 776 1533 844 245

426 937 585 1012 retinet,”
604 943 681 1012 etc,
698 937 815 1003 dicant
835 944 869 1002 et
891 939 1042 1004 habeant
1061 939 1253 1022 specialiter
1272 939 1477 1015 ordinatam,
1498 946 1532 1005 et

426 1062 489 1125 pro
499 1041 663 1106 iratribus
673 1048 708 1106 et
718 1043 890 1107 sororibus
903 1042 1001 1107 Gilde
1012 1044 1207 1109 huiusmodi
1217 1044 1306 1124 viuis
1317 1050 1351 1109 et
1362 1044 1533 1110 defunctis

426 1146 566 1230 singulis
585 1147 706 1211 diebus
726 1146 843 1211 dicant
863 1154 897 1211 et
917 1147 1011 1211 dicat
1030 1148 1174 1232 quilibet
1195 1169 1312 1212 eorum
1333 1149 1478 1213 Placebo
1498 1155 1533 1214 et

426 1250 542 1334 Dirige
564 1270 642 1315 cum
665 1251 966 1315 commendacione
990 1252 1128 1316 tractim
1151 1258 1186 1316 et
1209 1253 1334 1317 deuote
1358 1252 1420 1317 nisi
1446 1253 1533 1317 forte

426 1353 542 1439 aliqua
572 1375 676 1419 causa
698 1355 861 1440 legitima,
891 1357 1020 1439 absque
1044 1356 1123 1420 dolo
1148 1363 1264 1421 tamen
1296 1357 1348 1421 vel
1382 1356 1532 1432 ficcione,

425 1459 563 1542 grauius
594 1459 721 1523 fuerint
753 1459 919 1543 impediti,
944 1481 1003 1525 seu
1032 1481 1150 1524 eorum
1182 1461 1304 1545 aliquis
1337 1461 1438 1526 luerit
1471 1461 1532 1527 im·

425 1562 573 1645 peditus
599 1568 784 1646 postquam
810 1563 852 1627 de
877 1564 1073 1629 huiusmodi
1093 1564 1255 1629 Cantaria
1274 1586 1334 1648 per
1359 1566 1531 1650 prelatum

424 1667 618 1730 venerabile
643 1667 841 1750 Capitulum
866 1668 945 1732 eccl.
973 1668 1098 1752 Ripon’
1125 1689 1184 1733 seu
1210 1670 1314 1734 modo
1338 1669 1532 1754 subscripto

424 1770 484 1834 vni
503 1771 686 1854 Capellano
705 1771 841 1855 ydoneo
860 1772 1001 1836 collacio
1021 1773 1115 1836 iacta
1135 1773 1250 1848 luerit,
1270 1779 1304 1837 et
1323 1773 1394 1858 ipse
1414 1773 1531 1858 Capel-

424 1874 523 1939 lanus
541 1875 703 1939 inductus
722 1876 757 1939 in
777 1875 896 1940 eadem
916 1883 1019 1959 prout
1038 1883 1089 1940 est
1106 1877 1177 1940 fieri
1194 1883 1396 1942 consuetum
1414 1877 1446 1943 in
1468 1878 1532 1944 hoc

424 1999 515 2043 casu.
563 1979 729 2044 Volumus
752 1980 859 2044 eciam
882 1988 916 2043 et
939 1980 1138 2045 ordinamus
1160 1981 1254 2064 quod
1277 1981 1432 2065 prelatus
1455 1981 1532 2047 d'ns

426 2082 574 2148 Rob’tus
618 2083 821 2167 Capellanus
865 2084 1039 2167 ipsiusque
1083 2105 1291 2149 successores
1337 2085 1531 2152 huiusmodi

424 2188 576 2252 cantarie
591 2188 767 2271 capellani,
785 2208 902 2252 omnes
915 2194 949 2252 et
962 2189 1085 2273 singuli
1098 2188 1168 2254 suis
1181 2189 1393 2273 temporibus
1410 2190 1533 2256 iratres

424 2298 458 2355 et
488 2311 617 2355 sorores
647 2291 745 2356 Gilde
776 2292 937 2376 predicte,
969 2293 997 2356 si
1027 2293 1062 2356 in
1093 2293 1274 2358 aduersam
1304 2286 1531 2360 valitudinem

424 2396 614 2471 inciderint,
634 2396 790 2461 visitabit
808 2402 842 2460 et
860 2397 1054 2462 visitabunt
1071 2397 1253 2461 caritatiue
1270 2417 1349 2461 cum
1367 2397 1532 2483 obsequio

423 2500 603 2584 spirituali,
633 2521 672 2565 ac
700 2501 861 2564 residebit
889 2507 924 2564 et
952 2501 1151 2565 residebunt
1179 2522 1219 2565 ac
1247 2500 1470 2585 personaliter
1498 2501 1531 2568 in

424 2604 517 2668 dicta
550 2604 690 2668 ecclesia
724 2605 848 2688 Ripon’
884 2605 1095 2669 ministrabit
1130 2613 1164 2668 et
1198 2605 1456 2680 ministrabunt,
1493 2626 1533 2671 ac

424 2708 582 2773 habitum
598 2715 638 2772 vt
654 2709 759 2792 ipsius
776 2709 888 2773 eccl’ie
904 2708 1022 2793 vicarij
1042 2709 1171 2773 deleret
1188 2715 1222 2773 et
1239 2709 1393 2774 delerent
1409 2709 1532 2795 singuli

423 2814 492 2878 suis
521 2814 733 2898 temporibus
761 2814 959 2879 successiuis
988 2814 1148 2879 omnibus
1177 2812 1268 2879 horis
1296 2814 1468 2879 canonicis
1497 2815 1531 2881 in

423 2918 525 2982 choro
549 2918 700 2982 eiusdem
724 2918 861 2982 ecclesie
883 2925 918 2981 et
946 2918 1217 3002 processionibus
1245 2939 1286 2982 ac
1313 2917 1389 3001 alijs
1416 2914 1469 3001 (84
1483 2919 1528 3001 v.)
1559 2915 1689 2966 presence
1703 2916 1715 2965 l

422 3021 503 3085 locis
533 3028 568 3085 et
600 3022 811 3106 temporibus
842 3022 999 3107 congruis
1029 3022 1063 3085 in
1095 3022 1220 3087 diuinis
1245 3030 1279 3085 et
1303 3022 1529 3098 oracionibus

422 3125 574 3211 legitimo
605 3133 760 3190 cessante
791 3126 1048 3209 impedimento
1074 3126 1228 3190 intererit
1260 3134 1294 3189 et
1328 3105 1529 3203 intererunt,

422 3230 632 3294 ministrabit
674 3236 708 3293 et
749 3230 1008 3305 ministrabunt,
1051 3230 1203 3314 exceptis
1244 3230 1364 3294 diebus
1405 3230 1531 3314 quibus

424 3334 585 3397 ferialiter
599 3340 634 3397 et
649 3334 691 3397 de
706 3334 790 3397 feria
805 3334 919 3419 agitur
933 3340 967 3398 et
983 3334 1018 3398 in
1033 3334 1173 3398 ecclesia
1187 3335 1388 3409 celebratur,
1404 3334 1530 3417 quibus

423 3438 542 3503 diebus
565 3438 760 3502 huiusmodi
783 3438 949 3521 capellani
972 3460 992 3501 a
1014 3459 1077 3503 sua
1099 3438 1267 3523 personali
1289 3437 1530 3502 interessencia

421 3541 457 3606 in
483 3543 586 3607 choro
612 3541 766 3626 predicto
792 3543 952 3608 volumus
978 3543 1143 3618 excusari,
1164 3548 1278 3626 preter
1299 3541 1529 3626 processiones

422 3653 461 3710 vt
484 3647 663 3731 prefertur,
685 3652 719 3710 et
746 3652 860 3731 preter
886 3653 1001 3711 totum
1029 3646 1219 3710 aduentum
1246 3646 1326 3710 D'ni
1354 3651 1388 3710 et
1416 3651 1528 3710 totam

420 3750 728 3836 quadragesimam,
766 3751 800 3814 in
836 3751 961 3835 quibus
995 3751 1109 3835 ipsum
1140 3756 1175 3813 et
1205 3770 1413 3814 successores
1448 3770 1528 3814 suos

420 3854 582 3919 interesse
611 3855 834 3939 personaliter
862 3855 1071 3929 ordinamus,
1102 3875 1142 3918 ac
1171 3860 1204 3918 et
1234 3854 1276 3917 de
1305 3854 1464 3918 omnibus
1492 3859 1527 3918 et

420 3959 560 4045 singulis
583 3959 744 4033 obitibuS,
769 3965 984 4023 mortuorum
1008 3957 1172 4041 exequijs,
1197 3964 1231 4021 et
1253 3958 1528 4041 quibuscumque

421 4063 565 4128 aliarum
587 4063 847 4127 elemosinarum
869 4062 1110 4147 largicionibus
1131 4061 1173 4124 de
1195 4082 1286 4125 nouo
1307 4067 1385 4144 post
1408 4060 1527 4125 datam

421 4168 632 4251 presencium
656 4187 716 4250 per
738 4188 801 4231 nos
823 4187 883 4231 seu
907 4167 1029 4230 iratres
1053 4171 1087 4229 et
1110 4185 1240 4229 sorores
1263 4164 1352 4249 gilde
1375 4164 1528 4249 predicte

421 4278 481 4336 aut
499 4271 576 4355 alijs
593 4271 757 4335 ministris
774 4271 865 4334 dicte
883 4270 1021 4334 ecclesie
1038 4268 1214 4353 collegiate
1231 4268 1527 4352 qualitercumque

420 4375 644 4440 concedendis
657 4395 717 4439 seu
730 4375 953 4449 conferendis
966 4380 1006 4437 vt
1017 4373 1103 4437 alius
1113 4372 1358 4455 cuiuscumque
1368 4371 1527 4436 Cantarie

419 4479 615 4563 capellanus
633 4480 667 4542 in
685 4478 779 4542 dicta
797 4479 875 4542 eccl.
896 4478 977 4542 Coll.
998 4476 1134 4540 realiter
1151 4475 1315 4560 percipiet
1332 4482 1367 4539 et
1385 4476 1526 4539 habebit

420 4605 459 4648 ac
484 4583 619 4647 realiter
643 4583 690 4645 sic
715 4582 903 4665 percipient
928 4589 962 4645 et
987 4581 1177 4653 habebunt,
1195 4580 1230 4641 in
1254 4578 1380 4660 quibus
1403 4578 1468 4663 ipsi
1492 4586 1526 4643 et

420 4688 475 4771 alij
498 4687 645 4751 ministri
665 4685 755 4748 dicte
775 4685 887 4749 eccl’ie
907 4686 941 4750 in
961 4685 1073 4748 torma
1092 4681 1319 4746 ordinacionis
1338 4682 1417 4747 inde
1436 4683 1527 4747 facte

420 4790 644 4877 personaliter
682 4788 844 4852 interesse
885 4794 1070 4853 teneantur
1109 4792 1144 4849 et
1185 4789 1344 4850 teneatur
1382 4786 1527 4873 quilibet

1585 1978 1708 2030 l'uatorul

1567 2045 1715 2097 Visltutlon

1568 2982 1652 3038 elion,
1668 2987 1713 3033 etc
