3950 5625
813 599 1089 668 Cnnrurnnr.

740 697 1167 766 mma:
1467 716 1507 780 37

407 873 575 938 redditum
608 874 757 938 duorum
789 874 981 938 solidorum
1009 874 1155 939 comode
1186 874 1347 958 recipere.
1405 873 1449 937 Et
1479 873 1507 937 si

405 973 488 1037 forte
521 973 779 1038 cessauerimus
811 995 833 1036 a
868 973 1018 1057 predicte
1053 974 1199 1056 pecunie
1232 974 1412 1038 solucione
1445 986 1511 1037 ter·

406 1072 508 1136 minis
531 1073 798 1157 preassignatis,
819 1093 880 1156 per
900 1073 992 1136 hanc
1014 1086 1207 1155 presentem
1232 1088 1361 1136 cartam
1380 1086 1451 1136 me¹
1476 1086 1510 1136 et

405 1172 548 1237 heredes
577 1193 675 1237 meos
705 1172 863 1257 obligaui
895 1173 1012 1237 subire
1038 1173 1115 1236 sine
1141 1172 1313 1236 dilacione
1336 1171 1506 1255 judicium

404 1272 547 1355 capituli
582 1272 714 1356 Ripon’
749 1273 793 1336 ad
831 1273 1112 1356 compellendum
1153 1293 1207 1336 me
1245 1285 1277 1335 et
1308 1271 1423 1335 hered.
1459 1292 1503 1335 m.

404 1393 617 1455 quocunque
671 1372 776 1437 modo
829 1372 1013 1450 voluerint,
1061 1372 1105 1435 ad
1159 1371 1309 1454 predicte
1362 1371 1508 1454 pecunie

403 1472 634 1549 solucionem,
664 1471 874 1536 renuncians
898 1472 994 1536 omni
1020 1471 1173 1536 remedio
1196 1486 1266 1534 tam
1291 1470 1353 1535 lori
1378 1471 1510 1535 ecclisi-

402 1572 501 1637 astici
519 1593 626 1654 quam
640 1571 817 1636 secularis.
863 1573 902 1634 ln
916 1572 1022 1636 huius
1039 1572 1085 1636 rei
1105 1573 1209 1635 robur
1220 1584 1254 1634 et
1269 1571 1506 1635 testimonium

404 1672 486 1735 huic
504 1671 635 1754 scripto
653 1671 811 1756 sigillum
835 1693 950 1736 meum
972 1671 1134 1755 apposui.
1185 1671 1266 1735 Hiis
1288 1671 1443 1746 testibus,
1466 1673 1508 1736 de

405 1769 629 1835 Withinton²
678 1785 762 1835 tunc
810 1771 1025 1848 senescald0,
1078 1771 1207 1836 Rob'to
1256 1772 1298 1835 de
1351 1771 1505 1850 Berlord,

406 1871 556 1948 Ballivo,
601 1870 730 1935 Rob¹to
767 1871 810 1934 de
850 1871 1077 1948 Monketona,
1120 1871 1269 1949 Thoma,
1311 1871 1505 1948 Willelm0,

404 1984 437 2035 et
466 1970 624 2034 Roberto
652 1971 694 2034 de
722 1969 888 2047 Cluther’,
918 1970 1042 2055 J0h’ne
1072 1972 1115 2035 de
1148 1971 1284 2048 Hilton,
1318 1971 1509 2055 Radulpho

404 2072 446 2136 de
473 2071 619 2154 Newby,
646 2070 790 2155 Rogero
810 2071 853 2134 de
875 2069 1036 2149 Euiston,
1061 2071 1244 2136 Willelmo
1265 2073 1308 2136 de
1328 2073 1506 2156 Stodelay,

404 2185 438 2235 et
455 2171 574 2235 multis
589 2170 678 2234 aliis.

822 2271 892 2353 (41)
918 2270 1095 2334 Horuun.

493 2382 694 2465 Capitulum
721 2380 799 2446 S’ci'
815 2382 971 2446 Willridi
997 2383 1040 2447 de
1069 2382 1210 2466 Ripon',
1241 2382 1417 2448 Omnibus
1442 2384 1510 2448 s'ce

408 2482 526 2546 matris
558 2481 701 2546 ecclesie
736 2479 829 2556 filiis,
865 2493 934 2544 tam
969 2483 1188 2565 presentibus
1226 2504 1331 2564 quam
1371 2474 1706 2588 futuri5,c,t¹¹ll{²sr‘i¹2¹³¹‘]

406 2582 565 2646 salutem.
631 2580 777 2644 Nouerit
807 2581 1016 2646 vniuersitas
1048 2594 1162 2646 vestra
1203 2604 1266 2646 nos
1296 2583 1511 2648 concessisse
1528 2571 1668 2660 rimorum
1681 2623 1709 2652 es

410 2680 472 2744 R.3
502 2680 545 2744 de
577 2679 734 2763 Conyers
771 2693 804 2744 et
841 2681 956 2745 hered.
992 2704 1020 2746 s.
1056 2683 1183 2746 habere
1216 2684 1384 2766 capellam
1417 2685 1510 2767 apud
1526 2670 1550 2717 ³¹¹
1564 2686 1638 2719 Μ·

409 2779 541 2858 Hoton,
583 2791 616 2844 et
654 2780 873 2862 capellanum
917 2782 1029 2847 eidem
1072 2782 1293 2860 seruientem,
1335 2783 1435 2847 saluo
1476 2783 1508 2846 in

407 2880 571 2945 omnibus
608 2882 680 2946 iure
717 2882 918 2965 parochiali,
953 2885 1020 2947 sub
1052 2883 1116 2947 hac
1148 2884 1268 2947 forma.
1332 2884 1511 2949 Predictus

316 2973 321 2983 '
410 2978 452 3042 R.
487 2981 707 3063 capellanum
747 2981 847 3045 nobis
883 2983 1106 3065 presentabit,
1144 2984 1216 3066 qui,
1250 2995 1437 3065 antequam
1475 2984 1508 3047 iu

408 3079 538 3161 prelata
562 3081 695 3163 capella
720 3081 900 3159 ministret,
927 3082 1063 3167 Jurabit
1088 3084 1188 3146 nobis
1212 3083 1253 3146 de
1280 3082 1510 3165 ldempnitate

407 3179 627 3243 oblacionum
657 3194 690 3245 et
717 3181 974 3246 obuencionum
1008 3196 1040 3246 et
1071 3181 1228 3246 omnium
1263 3182 1508 3247 beneficiorum

407 3300 473 3361 que
513 3280 707 3362 antiquitus
752 3294 785 3345 et
826 3282 869 3345 de
913 3303 1006 3346 nouo
1047 3283 1090 3345 ad
1134 3282 1314 3345 ecclesiam
1356 3296 1507 3345 nostram

408 3378 577 3461 pertinere
630 3381 869 3458 dinoscuntur,
922 3393 955 3445 et
1007 3382 1101 3463 quod
1151 3380 1263 3445 fidelis
1312 3381 1375 3446 erit
1424 3383 1505 3446 eccl.

408 3478 475 3543 S'ci
520 3479 676 3543 Wilfridi
719 3493 752 3544 et
797 3480 960 3564 Capitulo
1010 3494 1043 3545 et
1092 3480 1270 3546 Canonico
1317 3482 1360 3544 ad
1410 3482 1509 3546 cuius

409 3579 618 3660 prebendam
653 3580 864 3663 parochialia
895 3581 937 3644 de
971 3579 1092 3643 Hotun
1131 3581 1312 3663 pertinent,
1349 3603 1410 3646 nec
1446 3603 1509 3646 nos

408 3677 441 3740 in
487 3678 608 3761 aliquo
653 3680 746 3761 quod
798 3694 928 3763 spectet
972 3681 1016 3743 ad
1065 3681 1118 3744 ius
1165 3681 1316 3745 matricis
1367 3682 1510 3746 ecclesie

407 3777 590 3842 fraudabit.
655 3778 700 3841 Et
732 3792 884 3861 preterea
920 3780 1010 3844 idem
1043 3780 1245 3863 capellanus
1283 3782 1349 3843 sub
1387 3781 1508 3844 eodem

408 3876 602 3942 iuramento
636 3879 736 3942 nobis
776 3880 999 3962 respondebit
1038 3901 1100 3963 pro
1138 3891 1209 3942 tota
1248 3880 1307 3942 illa
1347 3879 1510 3962 parochia

406 3990 525 4041 *nostra
542 3978 596 4041 cui
613 3978 741 4042 seruiet
757 3979 798 4042 de
815 3979 925 4042 tribus
942 3979 1185 4043 oblacionibus
1201 3979 1303 4041 trium
1322 3979 1511 4061 solempni-

408 4089 514 4139 tatum
544 4078 748 4140 annualium
779 4100 839 4160 per
869 4079 1031 4163 singulos
1058 4100 1182 4155 annOS,
1213 4078 1343 4142 scilicet
1375 4078 1510 4141 Natalis

410 4176 503 4253 D’ni,
537 4178 656 4254 Pasce,
687 4191 720 4242 et
748 4180 837 4243 beati
867 4178 1036 4241 Wilsridi.
1088 4179 1181 4242 ldem
1211 4192 1263 4241 est
1292 4178 1325 4239 in
1355 4178 1511 4259 quolibet

409 4277 637 4360 predictorum
665 4277 830 4342 festorum
860 4279 902 4341 de
931 4299 1143 4360 unoquoque
1173 4276 1388 4340 Husebande
1411 4276 1424 4359 j
1451 4279 1506 4340 ob.

407 4390 440 4441 et
477 4377 518 4440 de
564 4399 773 4459 vnaquaque
822 4377 985 4441 Husewif
1015 4376 1029 4460 j
1066 4380 1136 4453 ob,
1178 4398 1267 4458 quas
1309 4376 1510 4439 oblaciones

410 4476 581 4558 predictus
632 4478 834 4559 capellanus
885 4478 1088 4541 auctoritate
1138 4476 1227 4539 beati
1276 4473 1431 4536 Wilfridi
1478 4487 1511 4537 et

410 4588 525 4639 nostra
552 4589 585 4640 et
611 4576 639 4640 si
670 4597 809 4640 neccsse
834 4576 946 4652 fuerit,
975 4574 1057 4637 d'no
1088 4575 1131 4636 R.
1163 4587 1195 4637 et
1224 4572 1410 4636 heredibus
1437 4573 1511 4637 suis

410 4678 640 4777 —¹Repeated
655 4681 679 4761 in
689 4680 803 4761 hI-S-
819 4718 829 4739 ‘·'
847 4712 891 4759 No
904 4710 1041 4759 Christian
1055 4726 1135 4756 name
1149 4711 1173 4755 in
1190 4708 1245 4754 MS.

473 4808 482 4838 ³
499 4804 611 4863 Robert,
627 4821 675 4853 son
689 4806 719 4852 ol'
730 4804 833 4867 Roger.
870 4802 923 4849 See
936 4800 1018 4847 Mem.
1034 4800 1131 4863 Riporu
1147 4798 1167 4856 1,
1183 4812 1237 4844 zor.
