3950 5625
828 610 1102 677 Cnnwtnnv.

742 711 1168 779 mma*
1469 712 1508 774 61

408 890 451 955 ad
490 890 598 956 altare
635 890 703 955 S'ci
740 889 875 956 Andree
913 891 947 955 in
986 890 1113 974 Ripon,
1152 891 1211 954 vni
1249 895 1328 974 post
1367 889 1513 954 alterum

406 995 604 1060 successive.
652 995 843 1060 Reddendo
877 995 956 1060 inde
988 991 1051 1077 (28)
1083 995 1187 1059 michi
1217 1001 1251 1059 et
1281 996 1350 1059 her.
1382 1015 1427 1058 m.
1459 993 1514 1058 vel

406 1119 494 1164 succ.
528 1100 708 1165 annuatim
740 1099 812 1183 vjd.
842 1120 904 1183 pro
933 1100 1026 1164 omni
1054 1120 1117 1164 ser.
1147 1105 1182 1164 et
1211 1099 1299 1164 dem.
1330 1119 1396 1183 que
1426 1105 1514 1162 terre

406 1204 537 1287 possint
560 1203 722 1278 accidere,
745 1203 815 1268 scil.
840 1208 909 1267 tres
931 1203 1008 1269 den.
1032 1204 1077 1269 ad
1099 1204 1197 1269 Pent.
1221 1210 1256 1268 et
1278 1211 1347 1268 tres
1369 1205 1445 1269 den.
1470 1206 1514 1270 ad

406 1308 427 1373 f.
451 1306 484 1372 S.
508 1307 552 1372 M.
600 1308 647 1372 Et
669 1328 731 1393 ego
753 1307 831 1390 Joh.
855 1307 897 1372 de
920 1307 1054 1373 Lanum
1075 1314 1110 1372 et
1132 1308 1201 1372 her.
1223 1328 1268 1372 m.
1286 1329 1365 1373 war.
1389 1315 1423 1372 et
1445 1309 1512 1373 def.

405 1417 517 1476 totam
544 1411 638 1494 pred.
668 1417 796 1475 terram
823 1411 917 1494 pred.
946 1410 1053 1477 Galtr.
1082 1417 1117 1475 et
1144 1413 1328 1495 capellanis
1355 1413 1515 1478 omnibus

404 1517 464 1581 vni
482 1522 561 1601 post
581 1516 728 1581 alterum
747 1517 781 1581 in
801 1537 894 1601 perp.
915 1517 1005 1582 sicut
1023 1515 1117 1600 pred.
1138 1522 1190 1580 est
1209 1536 1271 1600 pro
1289 1517 1383 1600 pred.
1404 1517 1513 1582 firma.

405 1619 445 1684 In
468 1620 570 1685 huius
594 1626 711 1684 autem
734 1621 781 1684 rei
805 1621 909 1684 robur
932 1626 966 1684 et
990 1621 1117 1685 testim.
1143 1621 1222 1685 huic
1244 1622 1373 1705 scripto
1395 1623 1455 1706 sig.
1480 1644 1515 1687 m

405 1725 559 1808 apposui.
608 1725 684 1788 Hiis
719 1725 877 1799 testibus,
908 1724 1012 1788 Petro
1041 1724 1083 1788 de
1119 1725 1234 1807 Eyuill
1269 1732 1352 1790 tunc
1387 1727 1515 1791 balliuo

405 1829 542 1914 Rypon,
569 1829 658 1894 Will.
686 1830 728 1894 de
754 1829 928 1913 Stodelay,
955 1829 1037 1894 Sim.
1063 1829 1105 1892 de
1131 1830 1331 1905 Munketon,
1358 1831 1445 1896 Rob.
1473 1832 1515 1896 de

406 1932 604 2017 Biscopton,
627 1934 759 2008 clericO,
785 1932 865 1997 Sim.
891 1933 1041 2008 Castlok,
1067 1933 1154 1998 Rob.
1180 1934 1221 1998 de
1245 1934 1399 2018 Spenser,
1424 1935 1512 2001 Gilb.

405 2038 577 2113 vinitari0,
604 2037 707 2102 Walt.
734 2038 777 2102 de
802 2038 1001 2121 Biscopton,
1029 2038 1116 2102 Rob.
1144 2039 1186 2103 de
1211 2039 1383 2123 Nunwyk,
1409 2041 1512 2106 Walt.

404 2141 448 2208 fil.
470 2142 647 2216 Bemardi,
668 2149 703 2206 et
722 2142 841 2206 multis
860 2142 944 2207 aliis

406 2321 471 2406 (83)
499 2321 620 2386 CARTA
644 2322 821 2385 Micisnn
847 2321 1025 2386 Gntnnm
1052 2339 1099 2384 DE
1124 2322 1276 2386 LARDER
1301 2341 1351 2387 nn
1374 2341 1511 2390 nonen.

491 2477 593 2542 Omn.
612 2476 645 2541 S.
664 2475 708 2540 M.
728 2497 756 2540 e.
775 2475 862 2550 filiis,
880 2474 985 2540 Galfr.
1005 2475 1047 2539 de
1064 2475 1165 2540 Lard’
1184 2476 1265 2542 Can.
1284 2478 1363 2543 eccl.
1387 2479 1513 2564 Ripon,
1574 2481 1598 2516 ⁰·
1615 2480 1689 2529 1233·

406 2601 452 2646 sa.
477 2588 583 2645 etem.
608 2581 643 2645 in
667 2581 826 2645 Domino.
874 2579 1048 2644 Noueritis
1070 2601 1125 2645 me
1148 2581 1224 2646 ded.
1249 2603 1342 2648 conc.
1368 2590 1402 2648 et
1426 2605 1458 2667 p.
1483 2606 1511 2650 e.
1527 2558 1689 2674 bgssffiss

406 2686 494 2750 conf.
519 2685 609 2751 Will.
634 2685 679 2750 fil.
706 2685 842 2769 Xpiane
866 2684 907 2748 de
932 2685 1046 2768 Ripon
1070 2685 1154 2750 illud
1178 2687 1306 2751 toftum
1331 2688 1364 2752 in
1389 2689 1513 2773 Stayn-

406 2791 538 2877 brigate
560 2790 654 2876 quod
676 2789 765 2855 iacet
788 2789 878 2855 inter
899 2789 1029 2855 toftum
1051 2789 1154 2853 Will’i
1178 2789 1304 2856 Piknot
1327 2799 1360 2857 et
1384 2794 1513 2859 toftum

405 2897 499 2983 quod
520 2897 633 2961 iuerat
655 2895 779 2961 Nades
827 2896 908 2960 Ten.
932 2902 966 2958 et
988 2896 1067 2959 hab.
1090 2895 1184 2979 pred.
1208 2896 1259 2961 W.
1283 2904 1317 2962 et
1338 2919 1364 2963 s
1388 2900 1511 2984 assign.

406 3008 484 3086 post
512 3022 601 3076 eum,
631 3001 701 3065 scil.
731 2999 915 3083 capellanis
951 2999 1223 3065 deseruientibus
1262 3002 1307 3067 ad
1342 3003 1449 3068 altare
1479 3004 1511 3069 S.

405 3105 510 3171 Andr.
523 3126 586 3189 pro
596 3104 753 3169 fidelibus
764 3104 935 3169 defunctis
946 3104 980 3168 in
992 3124 1085 3186 perp.
1120 3104 1229 3169 Redd.
1243 3107 1321 3171 inde
1332 3110 1513 3174 annuatim

406 3210 535 3295 Mag’ro
557 3208 642 3274 Tho,
664 3210 705 3274 de
730 3209 885 3291 Kirkeby
908 3215 942 3272 et
965 3229 1054 3273 succ.
1079 3229 1105 3273 s
1130 3208 1309 3275 Canonicis
1334 3213 1510 3298 (ecclesie)¹

406 3313 530 3398 Ripon’
549 3313 626 3397 iiij⁰r
643 3312 719 3377 den.
738 3331 800 3397 pro
824 3333 914 3377 omn.
933 3333 1020 3377 serv.
1040 3319 1074 3377 et
1094 3334 1185 3378 cons
1204 3315 1249 3379 ad
1272 3316 1366 3400 pred.
1386 3324 1512 3383 terram

405 3418 609 3502 pertinente,
627 3418 697 3482 scil.
715 3417 775 3500 ijd.
794 3416 838 3482 ad
855 3418 952 3481 Pent.
971 3425 1006 3482 et
1022 3418 1082 3502 ijd.
1098 3418 1142 3483 ad
1159 3419 1181 3483 f.
1197 3419 1229 3484 S.
1245 3420 1289 3485 M.
1338 3422 1378 3486 In
1395 3443 1423 3487 c.
1442 3443 1466 3487 r.
1485 3430 1510 3489 t.

405 3529 439 3587 et
470 3524 575 3587 robur
605 3522 684 3587 huic
714 3521 842 3606 scripto
873 3522 932 3606 sig.
966 3544 1011 3587 m.
1045 3523 1198 3606 apposui.
1247 3525 1323 3589 Hiis
1354 3528 1511 3605 testibus

405 3626 485 3692 d'no
514 3627 617 3691 Petro
645 3626 821 3710 capellano
850 3625 921 3689 d'ni
949 3626 1131 3711 Archiep’i,
1157 3626 1262 3694 Galfr.
1288 3629 1330 3694 de
1359 3631 1513 3697 Bocland

404 3730 484 3796 Can.
516 3731 594 3795 eccl.
626 3730 751 3814 Ripon,
781 3729 870 3793 Will.
908 3729 949 3794 de
984 3733 1151 3808 Masham,
1182 3733 1368 3816 Jeronimo,
1399 3738 1511 3821 Joh'e,

405 3836 490 3911 Ric',
528 3836 674 3911 Simone,
712 3835 863 3899 Waltero
901 3834 1047 3912 vicariis
1086 3838 1198 3904 Rob’o
1234 3840 1361 3916 Mome,
1400 3842 1512 3908 Rob'o

405 3939 622 4015 Brokenban,
654 3939 767 4003 Will’o
798 3939 955 4014 Pikenot,
987 3942 1113 4025 Joh'ne
1144 3944 1252 4020 fabro,
1285 3945 1397 4011 Adam
1429 3947 1511 4032 Pog,

404 4045 536 4109 Thoma
556 4044 654 4120 Com,
675 4051 709 4109 et
728 4044 846 4109 multis
866 4045 950 4109 aliis,

734 4210 798 4294 (84)
826 4210 946 4275 CARTA
970 4230 1019 4276 DE
1044 4230 1182 4279 EODEM.

492 4354 544 4418 Sc.
566 4373 615 4437 pr.
637 4359 671 4417 et
691 4353 754 4417 fut.
776 4352 870 4437 quod
890 4374 951 4438 ego
970 4353 1076 4418 Galfr.
1098 4355 1140 4418 de
1160 4356 1260 4421 Lard'
1281 4356 1363 4422 Can.
1385 4358 1510 4442 Ripon'
1572 4381 1595 4415 c.
1629 4380 1642 4415 2
1682 4407 1687 4419 .

407 4458 495 4534 dedi,
522 4478 629 4530 conc..
657 4465 692 4522 et
718 4478 751 4541 p.
779 4478 807 4522 c.
836 4457 925 4521 coni.
953 4458 1067 4522 Will'o
1093 4458 1214 4523 clerico
1239 4460 1284 4525 fil.
1314 4461 1443 4545 Xpiani
1469 4462 1511 4527 de

409 4562 545 4646 Ripon',
565 4562 649 4626 illud
669 4562 798 4626 toftum
818 4562 853 4625 in
875 4561 1119 4646 Staynbrigate
1138 4562 1232 4645 quod
1251 4565 1317 4629 emi
1337 4566 1379 4629 de
1399 4566 1512 4632 Adam

408 4666 476 4731 filio
493 4666 598 4732 Galfr.
616 4666 810 4740 Carectarii,
828 4665 975 4729 habend.
994 4668 1134 4728 tantum
1150 4665 1185 4729 in
1201 4667 1277 4734 vita
1293 4688 1365 4744 sua,
1383 4675 1418 4733 et
1434 4678 1513 4757 post

413 4782 428 4789 -
479 4820 486 4841 ¹
507 4815 641 4864 Inserted.
