<?xml version="1.0" encoding="UTF-8"?>
<!DOCTYPE html PUBLIC "-//W3C//DTD XHTML 1.0 Transitional//EN"
    "http://www.w3.org/TR/xhtml1/DTD/xhtml1-transitional.dtd">
<html xmlns="http://www.w3.org/1999/xhtml" xml:lang="en" lang="en">
 <head>
  <title>
</title>
<meta http-equiv="Content-Type" content="text/html;charset=utf-8" />
  <meta name='ocr-system' content='tesseract 3.04.00' />
  <meta name='ocr-capabilities' content='ocr_page ocr_carea ocr_par ocr_line ocrx_word'/>
</head>
<body>
  <div class='ocr_page' id='page_1' title='image "./memorialschurch00fowlgoog_0096.png"; bbox 0 0 3950 5625; ppageno 0'>
   <div class='ocr_carea' id='block_1_1' title="bbox 468 683 1296 764">
    <p class='ocr_par' dir='ltr' id='par_1_1' title="bbox 468 683 1296 764">
     <span class='ocr_line' id='line_1_1' title="bbox 468 683 1296 764; baseline 0.004 -17"><span class='ocrx_word' id='word_1_1' title='bbox 468 684 509 764; x_wconf 86' lang='lat'>58</span> <span class='ocrx_word' id='word_1_2' title='bbox 743 683 827 748; x_wconf 77' lang='lat' dir='ltr'>THE</span> <span class='ocrx_word' id='word_1_3' title='bbox 854 684 1009 748; x_wconf 67' lang='lat' dir='ltr'>incitor</span> <span class='ocrx_word' id='word_1_4' title='bbox 1036 683 1296 750; x_wconf 72' lang='lat' dir='ltr'>biannscmer.</span> 
     </span>
    </p>
   </div>
   <div class='ocr_carea' id='block_1_2' title="bbox 462 860 1576 2198">
    <p class='ocr_par' dir='ltr' id='par_1_2' title="bbox 462 860 1576 2198">
     <span class='ocr_line' id='line_1_2' title="bbox 464 860 1576 946; baseline 0.004 -22"><span class='ocrx_word' id='word_1_5' title='bbox 464 860 557 944; x_wconf 93' lang='lat' dir='ltr'>pred.</span> <span class='ocrx_word' id='word_1_6' title='bbox 582 867 709 926; x_wconf 86' lang='lat' dir='ltr'>terram</span> <span class='ocrx_word' id='word_1_7' title='bbox 730 862 894 946; x_wconf 86' lang='lat' dir='ltr'>stringere</span> <span class='ocrx_word' id='word_1_8' title='bbox 916 868 950 925; x_wconf 92' lang='lat' dir='ltr'>et</span> <span class='ocrx_word' id='word_1_9' title='bbox 973 862 1206 926; x_wconf 85' lang='lat' dir='ltr'>districciones</span> <span class='ocrx_word' id='word_1_10' title='bbox 1227 864 1371 927; x_wconf 92' lang='lat' dir='ltr'>retinere</span> <span class='ocrx_word' id='word_1_11' title='bbox 1393 884 1455 946; x_wconf 87' lang='lat' dir='ltr'>pro</span> <span class='ocrx_word' id='word_1_12' title='bbox 1476 863 1576 928; x_wconf 86' lang='lat' dir='ltr'>firma</span> 
     </span>
     <span class='ocr_line' id='line_1_3' title="bbox 464 966 1576 1051; baseline 0.003 -22"><span class='ocrx_word' id='word_1_13' title='bbox 464 966 619 1049; x_wconf 87' lang='lat' dir='ltr'>predicta</span> <span class='ocrx_word' id='word_1_14' title='bbox 657 966 819 1051; x_wconf 82' lang='lat' dir='ltr'>quociens</span> <span class='ocrx_word' id='word_1_15' title='bbox 859 986 944 1049; x_wconf 90' lang='lat' dir='ltr'>opus</span> <span class='ocrx_word' id='word_1_16' title='bbox 983 966 1087 1031; x_wconf 85' lang='lat' dir='ltr'>fuerit</span> <span class='ocrx_word' id='word_1_17' title='bbox 1126 967 1197 1031; x_wconf 87' lang='lat' dir='ltr'>sine</span> <span class='ocrx_word' id='word_1_18' title='bbox 1236 968 1481 1032; x_wconf 89' lang='lat' dir='ltr'>reclamacione</span> <span class='ocrx_word' id='word_1_19' title='bbox 1520 968 1576 1032; x_wconf 90' lang='lat' dir='ltr'>vel</span> 
     </span>
     <span class='ocr_line' id='line_1_4' title="bbox 463 1069 1573 1158; baseline 0.005 -26"><span class='ocrx_word' id='word_1_20' title='bbox 463 1069 698 1154; x_wconf 90' lang='lat' dir='ltr'>inpedimento</span> <span class='ocrx_word' id='word_1_21' title='bbox 721 1070 815 1154; x_wconf 92' lang='lat' dir='ltr'>pred.</span> <span class='ocrx_word' id='word_1_22' title='bbox 841 1069 979 1134; x_wconf 87' lang='lat' dir='ltr'>Patricii</span> <span class='ocrx_word' id='word_1_23' title='bbox 1004 1071 1131 1136; x_wconf 89' lang='lat' dir='ltr'>ether.</span> <span class='ocrx_word' id='word_1_24' title='bbox 1156 1093 1296 1137; x_wconf 90' lang='lat' dir='ltr'>suorum</span> <span class='ocrx_word' id='word_1_25' title='bbox 1319 1073 1374 1136; x_wconf 91' lang='lat' dir='ltr'>vel</span> <span class='ocrx_word' id='word_1_26' title='bbox 1398 1074 1521 1158; x_wconf 87' lang='lat' dir='ltr'>assign.</span> <span class='ocrx_word' id='word_1_27' title='bbox 1547 1094 1573 1137; x_wconf 83' lang='lat' dir='ltr'>S.</span> 
     </span>
     <span class='ocr_line' id='line_1_5' title="bbox 464 1174 1575 1259; baseline 0.005 -23"><span class='ocrx_word' id='word_1_28' title='bbox 464 1174 505 1237; x_wconf 93' lang='lat' dir='ltr'>In</span> <span class='ocrx_word' id='word_1_29' title='bbox 524 1174 620 1239; x_wconf 89' lang='lat' dir='ltr'>cuius</span> <span class='ocrx_word' id='word_1_30' title='bbox 637 1174 684 1238; x_wconf 93' lang='lat' dir='ltr'>rei</span> <span class='ocrx_word' id='word_1_31' title='bbox 701 1181 779 1238; x_wconf 89' lang='lat' dir='ltr'>test.</span> <span class='ocrx_word' id='word_1_32' title='bbox 797 1174 889 1258; x_wconf 81' lang='lat' dir='ltr'>parti</span> <span class='ocrx_word' id='word_1_33' title='bbox 906 1194 1010 1256; x_wconf 85' lang='lat' dir='ltr'>penes</span> <span class='ocrx_word' id='word_1_34' title='bbox 1026 1176 1120 1259; x_wconf 91' lang='lat' dir='ltr'>pred.</span> <span class='ocrx_word' id='word_1_35' title='bbox 1139 1176 1232 1241; x_wconf 90' lang='lat' dir='ltr'>Patr.</span> <span class='ocrx_word' id='word_1_36' title='bbox 1251 1179 1443 1242; x_wconf 83' lang='lat' dir='ltr'>remanenti</span> <span class='ocrx_word' id='word_1_37' title='bbox 1460 1178 1575 1242; x_wconf 88' lang='lat' dir='ltr'>dictus</span> 
     </span>
     <span class='ocr_line' id='line_1_6' title="bbox 464 1278 1572 1366; baseline 0.005 -25"><span class='ocrx_word' id='word_1_38' title='bbox 464 1278 549 1364; x_wconf 86' lang='lat' dir='ltr'>Rog&#39;</span> <span class='ocrx_word' id='word_1_39' title='bbox 576 1279 617 1343; x_wconf 91' lang='lat' dir='ltr'>de</span> <span class='ocrx_word' id='word_1_40' title='bbox 642 1279 732 1343; x_wconf 85' lang='lat' dir='ltr'>Cane</span> <span class='ocrx_word' id='word_1_41' title='bbox 756 1279 852 1364; x_wconf 87' lang='lat' dir='ltr'>sigili.</span> <span class='ocrx_word' id='word_1_42' title='bbox 878 1300 904 1342; x_wconf 80' lang='lat' dir='ltr'>s,</span> <span class='ocrx_word' id='word_1_43' title='bbox 930 1299 1001 1342; x_wconf 91' lang='lat' dir='ltr'>vna</span> <span class='ocrx_word' id='word_1_44' title='bbox 1021 1301 1099 1345; x_wconf 89' lang='lat' dir='ltr'>cum</span> <span class='ocrx_word' id='word_1_45' title='bbox 1123 1282 1232 1366; x_wconf 86' lang='lat' dir='ltr'>sigillo</span> <span class='ocrx_word' id='word_1_46' title='bbox 1254 1282 1403 1365; x_wconf 78' lang='lat' dir='ltr'>Capituli</span> <span class='ocrx_word' id='word_1_47' title='bbox 1428 1283 1572 1366; x_wconf 83' lang='lat' dir='ltr'>predicti</span> 
     </span>
     <span class='ocr_line' id='line_1_7' title="bbox 464 1383 1574 1471; baseline 0.003 -24"><span class='ocrx_word' id='word_1_48' title='bbox 464 1383 634 1468; x_wconf 86' lang='lat' dir='ltr'>apposuit.</span> <span class='ocrx_word' id='word_1_49' title='bbox 684 1384 778 1448; x_wconf 87' lang='lat' dir='ltr'>Parti</span> <span class='ocrx_word' id='word_1_50' title='bbox 805 1403 887 1447; x_wconf 92' lang='lat' dir='ltr'>vero</span> <span class='ocrx_word' id='word_1_51' title='bbox 914 1405 980 1467; x_wconf 91' lang='lat' dir='ltr'>que</span> <span class='ocrx_word' id='word_1_52' title='bbox 1008 1404 1112 1468; x_wconf 88' lang='lat' dir='ltr'>penes</span> <span class='ocrx_word' id='word_1_53' title='bbox 1139 1385 1271 1450; x_wconf 89' lang='lat' dir='ltr'>dictum</span> <span class='ocrx_word' id='word_1_54' title='bbox 1299 1385 1385 1471; x_wconf 86' lang='lat' dir='ltr'>Rog&#39;</span> <span class='ocrx_word' id='word_1_55' title='bbox 1413 1386 1456 1450; x_wconf 90' lang='lat' dir='ltr'>de</span> <span class='ocrx_word' id='word_1_56' title='bbox 1483 1386 1574 1450; x_wconf 87' lang='lat' dir='ltr'>Caue</span> 
     </span>
     <span class='ocr_line' id='line_1_8' title="bbox 462 1486 1574 1574; baseline 0.001 -21"><span class='ocrx_word' id='word_1_57' title='bbox 462 1494 617 1556; x_wconf 85' lang='lat' dir='ltr'>remanet</span> <span class='ocrx_word' id='word_1_58' title='bbox 658 1487 751 1571; x_wconf 92' lang='lat' dir='ltr'>pred.</span> <span class='ocrx_word' id='word_1_59' title='bbox 796 1486 888 1551; x_wconf 93' lang='lat' dir='ltr'>Patr.</span> <span class='ocrx_word' id='word_1_60' title='bbox 932 1487 1080 1572; x_wconf 86' lang='lat' dir='ltr'>sigillum</span> <span class='ocrx_word' id='word_1_61' title='bbox 1122 1509 1223 1553; x_wconf 88' lang='lat' dir='ltr'>suum</span> <span class='ocrx_word' id='word_1_62' title='bbox 1265 1491 1436 1574; x_wconf 88' lang='lat' dir='ltr'>apposuit.</span> <span class='ocrx_word' id='word_1_63' title='bbox 1498 1491 1574 1554; x_wconf 88' lang='lat' dir='ltr'>Hiis</span> 
     </span>
     <span class='ocr_line' id='line_1_9' title="bbox 462 1590 1574 1678; baseline 0.005 -25"><span class='ocrx_word' id='word_1_64' title='bbox 462 1590 620 1665; x_wconf 80' lang='lat' dir='ltr'>testibu5‚</span> <span class='ocrx_word' id='word_1_65' title='bbox 658 1590 748 1655; x_wconf 87' lang='lat' dir='ltr'>d&#39;nis</span> <span class='ocrx_word' id='word_1_66' title='bbox 785 1591 914 1676; x_wconf 86' lang='lat' dir='ltr'>Mag&#39;ro</span> <span class='ocrx_word' id='word_1_67' title='bbox 951 1591 1084 1657; x_wconf 91' lang='lat' dir='ltr'>Thoma</span> <span class='ocrx_word' id='word_1_68' title='bbox 1120 1594 1162 1657; x_wconf 94' lang='lat' dir='ltr'>de</span> <span class='ocrx_word' id='word_1_69' title='bbox 1198 1594 1368 1670; x_wconf 86' lang='lat' dir='ltr'>Wakfeld,</span> <span class='ocrx_word' id='word_1_70' title='bbox 1408 1595 1492 1678; x_wconf 82' lang='lat' dir='ltr'>Rog.</span> <span class='ocrx_word' id='word_1_71' title='bbox 1532 1595 1574 1659; x_wconf 95' lang='lat' dir='ltr'>de</span> 
     </span>
     <span class='ocr_line' id='line_1_10' title="bbox 463 1694 1574 1781; baseline 0.006 -24"><span class='ocrx_word' id='word_1_72' title='bbox 463 1694 600 1778; x_wconf 89' lang='lat' dir='ltr'>Ripon’,</span> <span class='ocrx_word' id='word_1_73' title='bbox 630 1695 819 1769; x_wconf 76' lang='lat' dir='ltr'>CanoniciS,</span> <span class='ocrx_word' id='word_1_74' title='bbox 849 1694 949 1777; x_wconf 85' lang='lat' dir='ltr'>Joh&#39;e</span> <span class='ocrx_word' id='word_1_75' title='bbox 977 1695 1020 1759; x_wconf 92' lang='lat' dir='ltr'>de</span> <span class='ocrx_word' id='word_1_76' title='bbox 1048 1697 1237 1781; x_wconf 83' lang='lat' dir='ltr'>Stapiliord</span> <span class='ocrx_word' id='word_1_77' title='bbox 1266 1704 1349 1762; x_wconf 90' lang='lat' dir='ltr'>tunc</span> <span class='ocrx_word' id='word_1_78' title='bbox 1377 1699 1504 1763; x_wconf 91' lang='lat' dir='ltr'>balliuo</span> <span class='ocrx_word' id='word_1_79' title='bbox 1532 1701 1574 1764; x_wconf 95' lang='lat' dir='ltr'>de</span> 
     </span>
     <span class='ocr_line' id='line_1_11' title="bbox 463 1785 1574 1884; baseline 0.005 -22"><span class='ocrx_word' id='word_1_80' title='bbox 463 1799 600 1884; x_wconf 88' lang='lat' dir='ltr'>Ripon&#39;,</span> <span class='ocrx_word' id='word_1_81' title='bbox 636 1799 750 1863; x_wconf 85' lang='lat' dir='ltr'>Will&#39;o</span> <span class='ocrx_word' id='word_1_82' title='bbox 785 1799 827 1863; x_wconf 92' lang='lat' dir='ltr'>de</span> <span class='ocrx_word' id='word_1_83' title='bbox 862 1799 1025 1877; x_wconf 87' lang='lat' dir='ltr'>Cluther&#39;,</span> <span class='ocrx_word' id='word_1_84' title='bbox 1062 1802 1176 1866; x_wconf 89' lang='lat' dir='ltr'>Will’o</span> <span class='ocrx_word' id='word_1_85' title='bbox 1211 1785 1368 1879; x_wconf 88' lang='lat' dir='ltr'>tinctore,</span> <span class='ocrx_word' id='word_1_86' title='bbox 1406 1804 1494 1868; x_wconf 92' lang='lat' dir='ltr'>Rob.</span> <span class='ocrx_word' id='word_1_87' title='bbox 1531 1805 1574 1868; x_wconf 92' lang='lat' dir='ltr'>de</span> 
     </span>
     <span class='ocr_line' id='line_1_12' title="bbox 463 1903 1574 1987; baseline 0.006 -21"><span class='ocrx_word' id='word_1_88' title='bbox 463 1903 583 1980; x_wconf 85' lang='lat' dir='ltr'>Miton,</span> <span class='ocrx_word' id='word_1_89' title='bbox 608 1904 762 1968; x_wconf 89' lang='lat' dir='ltr'>Bemard</span> <span class='ocrx_word' id='word_1_90' title='bbox 785 1904 826 1968; x_wconf 95' lang='lat' dir='ltr'>de</span> <span class='ocrx_word' id='word_1_91' title='bbox 850 1903 1034 1987; x_wconf 82' lang='lat' dir='ltr'>Swaynby,</span> <span class='ocrx_word' id='word_1_92' title='bbox 1059 1912 1094 1970; x_wconf 92' lang='lat' dir='ltr'>et</span> <span class='ocrx_word' id='word_1_93' title='bbox 1117 1908 1200 1972; x_wconf 69' lang='lat' dir='ltr'>aliia</span> <span class='ocrx_word' id='word_1_94' title='bbox 1249 1909 1330 1973; x_wconf 90' lang='lat' dir='ltr'>Dat.</span> <span class='ocrx_word' id='word_1_95' title='bbox 1355 1909 1410 1972; x_wconf 93' lang='lat' dir='ltr'>die</span> <span class='ocrx_word' id='word_1_96' title='bbox 1433 1909 1574 1973; x_wconf 91' lang='lat' dir='ltr'>Veneris</span> 
     </span>
     <span class='ocr_line' id='line_1_13' title="bbox 462 2006 1576 2093; baseline 0.001 -20"><span class='ocrx_word' id='word_1_97' title='bbox 462 2029 558 2093; x_wconf 86' lang='lat' dir='ltr'>prox.</span> <span class='ocrx_word' id='word_1_98' title='bbox 575 2015 655 2073; x_wconf 92' lang='lat' dir='ltr'>ante</span> <span class='ocrx_word' id='word_1_99' title='bbox 669 2008 796 2072; x_wconf 90' lang='lat' dir='ltr'>iestum</span> <span class='ocrx_word' id='word_1_100' title='bbox 810 2008 877 2072; x_wconf 86' lang='lat' dir='ltr'>S&#39;ci</span> <span class='ocrx_word' id='word_1_101' title='bbox 890 2006 1044 2093; x_wconf 86' lang='lat' dir='ltr'>Gregorii</span> <span class='ocrx_word' id='word_1_102' title='bbox 1057 2028 1156 2092; x_wconf 87' lang='lat' dir='ltr'>pape.</span> <span class='ocrx_word' id='word_1_103' title='bbox 1204 2008 1305 2072; x_wconf 90' lang='lat' dir='ltr'>Anno</span> <span class='ocrx_word' id='word_1_104' title='bbox 1319 2009 1420 2073; x_wconf 93' lang='lat' dir='ltr'>Dom.</span> <span class='ocrx_word' id='word_1_105' title='bbox 1436 2021 1487 2074; x_wconf 93' lang='lat' dir='ltr'>m⁰</span> <span class='ocrx_word' id='word_1_106' title='bbox 1496 2021 1576 2074; x_wconf 77' lang='lat' dir='ltr'>cc¹¹¹⁰</span> 
     </span>
     <span class='ocr_line' id='line_1_14' title="bbox 463 2113 824 2198; baseline 0 -21"><span class='ocrx_word' id='word_1_107' title='bbox 463 2113 672 2198; x_wconf 86' lang='lat' dir='ltr'>octogesimo</span> <span class='ocrx_word' id='word_1_108' title='bbox 690 2114 824 2197; x_wconf 82' lang='lat' dir='ltr'>quinto,</span> 
     </span>
    </p>
   </div>
   <div class='ocr_carea' id='block_1_3' title="bbox 614 2306 1427 2389">
    <p class='ocr_par' dir='ltr' id='par_1_3' title="bbox 614 2306 1427 2389">
     <span class='ocr_line' id='line_1_15' title="bbox 614 2306 1427 2389; baseline -0.004 -16"><span class='ocrx_word' id='word_1_109' title='bbox 614 2306 678 2389; x_wconf 81' lang='lat'>(77)</span> <span class='ocrx_word' id='word_1_110' title='bbox 706 2307 762 2370; x_wconf 78' lang='lat' dir='ltr'>DE</span> <span class='ocrx_word' id='word_1_111' title='bbox 786 2322 967 2370; x_wconf 81' lang='lat' dir='ltr'>cANrARm</span> <span class='ocrx_word' id='word_1_112' title='bbox 991 2322 1140 2370; x_wconf 79' lang='lat' dir='ltr'>ArrAms</span> <span class='ocrx_word' id='word_1_113' title='bbox 1165 2306 1235 2371; x_wconf 86' lang='lat' dir='ltr'>S&#39;cr</span> <span class='ocrx_word' id='word_1_114' title='bbox 1260 2307 1427 2372; x_wconf 78' lang='lat' dir='ltr'>Anonrr.</span> 
     </span>
    </p>
   </div>
   <div class='ocr_carea' id='block_1_4' title="bbox 462 2460 1635 4849">
    <p class='ocr_par' dir='ltr' id='par_1_4' title="bbox 462 2460 1635 4849">
     <span class='ocr_line' id='line_1_16' title="bbox 552 2460 1574 2547; baseline 0.001 -22"><span class='ocrx_word' id='word_1_115' title='bbox 552 2460 721 2525; x_wconf 90' lang='lat' dir='ltr'>Nouerint</span> <span class='ocrx_word' id='word_1_116' title='bbox 751 2460 901 2524; x_wconf 89' lang='lat' dir='ltr'>vniuersi</span> <span class='ocrx_word' id='word_1_117' title='bbox 932 2466 1006 2524; x_wconf 94' lang='lat' dir='ltr'>tam</span> <span class='ocrx_word' id='word_1_118' title='bbox 1036 2481 1122 2543; x_wconf 74' lang='lat' dir='ltr'>pree.</span> <span class='ocrx_word' id='word_1_119' title='bbox 1155 2482 1260 2544; x_wconf 93' lang='lat' dir='ltr'>quam</span> <span class='ocrx_word' id='word_1_120' title='bbox 1291 2461 1355 2525; x_wconf 85' lang='lat' dir='ltr'>iut.</span> <span class='ocrx_word' id='word_1_121' title='bbox 1388 2461 1482 2545; x_wconf 94' lang='lat' dir='ltr'>quod</span> <span class='ocrx_word' id='word_1_122' title='bbox 1512 2483 1574 2547; x_wconf 87' lang='lat' dir='ltr'>ego</span> 
     </span>
     <span class='ocr_line' id='line_1_17' title="bbox 463 2565 1572 2651; baseline 0 -21"><span class='ocrx_word' id='word_1_123' title='bbox 463 2566 572 2630; x_wconf 88' lang='lat' dir='ltr'>Will’s</span> <span class='ocrx_word' id='word_1_124' title='bbox 590 2566 632 2630; x_wconf 92' lang='lat' dir='ltr'>de</span> <span class='ocrx_word' id='word_1_125' title='bbox 652 2566 752 2630; x_wconf 90' lang='lat' dir='ltr'>Lard&#39;</span> <span class='ocrx_word' id='word_1_126' title='bbox 773 2566 818 2630; x_wconf 87' lang='lat' dir='ltr'>fil.</span> <span class='ocrx_word' id='word_1_127' title='bbox 840 2566 984 2630; x_wconf 86' lang='lat' dir='ltr'>Cristine</span> <span class='ocrx_word' id='word_1_128' title='bbox 1004 2565 1046 2630; x_wconf 94' lang='lat' dir='ltr'>de</span> <span class='ocrx_word' id='word_1_129' title='bbox 1065 2565 1190 2649; x_wconf 91' lang='lat' dir='ltr'>Ripon&#39;</span> <span class='ocrx_word' id='word_1_130' title='bbox 1211 2565 1300 2640; x_wconf 90' lang='lat' dir='ltr'>dedi,</span> <span class='ocrx_word' id='word_1_131' title='bbox 1321 2586 1415 2630; x_wconf 88' lang='lat' dir='ltr'>conc.</span> <span class='ocrx_word' id='word_1_132' title='bbox 1436 2572 1471 2630; x_wconf 89' lang='lat' dir='ltr'>et</span> <span class='ocrx_word' id='word_1_133' title='bbox 1490 2588 1522 2651; x_wconf 94' lang='lat' dir='ltr'>p.</span> <span class='ocrx_word' id='word_1_134' title='bbox 1544 2587 1572 2631; x_wconf 93' lang='lat' dir='ltr'>c.</span> 
     </span>
     <span class='ocr_line' id='line_1_18' title="bbox 463 2668 1574 2755; baseline 0 -20"><span class='ocrx_word' id='word_1_135' title='bbox 463 2672 552 2736; x_wconf 86' lang='lat' dir='ltr'>conf.</span> <span class='ocrx_word' id='word_1_136' title='bbox 569 2671 708 2755; x_wconf 87' lang='lat' dir='ltr'>Hugoni</span> <span class='ocrx_word' id='word_1_137' title='bbox 721 2670 898 2753; x_wconf 87' lang='lat' dir='ltr'>capellano</span> <span class='ocrx_word' id='word_1_138' title='bbox 912 2676 946 2733; x_wconf 91' lang='lat' dir='ltr'>et</span> <span class='ocrx_word' id='word_1_139' title='bbox 959 2690 1049 2734; x_wconf 91' lang='lat' dir='ltr'>succ.</span> <span class='ocrx_word' id='word_1_140' title='bbox 1064 2690 1089 2733; x_wconf 84' lang='lat' dir='ltr'>S.</span> <span class='ocrx_word' id='word_1_141' title='bbox 1105 2668 1289 2752; x_wconf 89' lang='lat' dir='ltr'>capellanis</span> <span class='ocrx_word' id='word_1_142' title='bbox 1302 2669 1574 2735; x_wconf 87' lang='lat' dir='ltr'>deseruientibus</span> 
     </span>
     <span class='ocr_line' id='line_1_19' title="bbox 464 2773 1574 2857; baseline -0.003 -16"><span class='ocrx_word' id='word_1_143' title='bbox 464 2775 564 2841; x_wconf 90' lang='lat' dir='ltr'>altari</span> <span class='ocrx_word' id='word_1_144' title='bbox 583 2775 648 2840; x_wconf 87' lang='lat' dir='ltr'>S’ci</span> <span class='ocrx_word' id='word_1_145' title='bbox 666 2775 801 2840; x_wconf 86' lang='lat' dir='ltr'>Andree</span> <span class='ocrx_word' id='word_1_146' title='bbox 819 2775 853 2839; x_wconf 91' lang='lat' dir='ltr'>in</span> <span class='ocrx_word' id='word_1_147' title='bbox 871 2775 950 2839; x_wconf 85' lang='lat' dir='ltr'>eccl.</span> <span class='ocrx_word' id='word_1_148' title='bbox 970 2775 1013 2839; x_wconf 87' lang='lat' dir='ltr'>de</span> <span class='ocrx_word' id='word_1_149' title='bbox 1031 2773 1156 2857; x_wconf 88' lang='lat' dir='ltr'>Ripon&#39;</span> <span class='ocrx_word' id='word_1_150' title='bbox 1175 2778 1210 2837; x_wconf 94' lang='lat' dir='ltr'>et</span> <span class='ocrx_word' id='word_1_151' title='bbox 1228 2773 1355 2838; x_wconf 90' lang='lat' dir='ltr'>ibidem</span> <span class='ocrx_word' id='word_1_152' title='bbox 1373 2773 1574 2840; x_wconf 84' lang='lat' dir='ltr'>celebranti·</span> 
     </span>
     <span class='ocr_line' id='line_1_20' title="bbox 462 2878 1573 2963; baseline -0.003 -17"><span class='ocrx_word' id='word_1_153' title='bbox 462 2882 528 2946; x_wconf 91' lang='lat' dir='ltr'>bus</span> <span class='ocrx_word' id='word_1_154' title='bbox 567 2880 687 2945; x_wconf 85' lang='lat' dir='ltr'>diuina</span> <span class='ocrx_word' id='word_1_155' title='bbox 726 2901 787 2963; x_wconf 96' lang='lat' dir='ltr'>pro</span> <span class='ocrx_word' id='word_1_156' title='bbox 827 2880 984 2944; x_wconf 87' lang='lat' dir='ltr'>fidelibus</span> <span class='ocrx_word' id='word_1_157' title='bbox 1025 2878 1207 2949; x_wconf 81' lang='lat' dir='ltr'>defunctis,</span> <span class='ocrx_word' id='word_1_158' title='bbox 1249 2878 1308 2941; x_wconf 93' lang='lat' dir='ltr'>vni</span> <span class='ocrx_word' id='word_1_159' title='bbox 1348 2884 1427 2961; x_wconf 89' lang='lat' dir='ltr'>post</span> <span class='ocrx_word' id='word_1_160' title='bbox 1468 2879 1573 2943; x_wconf 93' lang='lat' dir='ltr'>alium</span> 
     </span>
     <span class='ocr_line' id='line_1_21' title="bbox 463 2981 1635 3068; baseline -0.008 -18"><span class='ocrx_word' id='word_1_161' title='bbox 463 2986 663 3060; x_wconf 89' lang='lat' dir='ltr'>successiue,</span> <span class='ocrx_word' id='word_1_162' title='bbox 682 2985 717 3049; x_wconf 91' lang='lat' dir='ltr'>in</span> <span class='ocrx_word' id='word_1_163' title='bbox 736 3005 829 3068; x_wconf 91' lang='lat' dir='ltr'>perp.</span> <span class='ocrx_word' id='word_1_164' title='bbox 850 2986 903 3060; x_wconf 77' lang='lat' dir='ltr'>ei,</span> <span class='ocrx_word' id='word_1_165' title='bbox 923 2991 1036 3049; x_wconf 87' lang='lat' dir='ltr'>totam</span> <span class='ocrx_word' id='word_1_166' title='bbox 1054 2988 1181 3046; x_wconf 90' lang='lat' dir='ltr'>terram</span> <span class='ocrx_word' id='word_1_167' title='bbox 1199 3002 1312 3045; x_wconf 92' lang='lat' dir='ltr'>meam</span> <span class='ocrx_word' id='word_1_168' title='bbox 1330 3003 1433 3066; x_wconf 91' lang='lat' dir='ltr'>super</span> <span class='ocrx_word' id='word_1_169' title='bbox 1453 2981 1504 3065; x_wconf 77' lang='lat'>(26</span> <span class='ocrx_word' id='word_1_170' title='bbox 1524 2985 1570 3067; x_wconf 82' lang='lat' dir='ltr'>v.)</span> <span class='ocrx_word' id='word_1_171' title='bbox 1633 3007 1635 3009; x_wconf 89' lang='lat'>·</span> 
     </span>
     <span class='ocr_line' id='line_1_22' title="bbox 463 3084 1574 3175; baseline -0.005 -20"><span class='ocrx_word' id='word_1_172' title='bbox 463 3091 597 3175; x_wconf 89' lang='lat' dir='ltr'>Speltre</span> <span class='ocrx_word' id='word_1_173' title='bbox 614 3102 721 3175; x_wconf 83' lang='lat' dir='ltr'>qu&#39;am</span> <span class='ocrx_word' id='word_1_174' title='bbox 739 3109 801 3174; x_wconf 86' lang='lat' dir='ltr'>ego</span> <span class='ocrx_word' id='word_1_175' title='bbox 820 3089 915 3153; x_wconf 90' lang='lat' dir='ltr'>tenui</span> <span class='ocrx_word' id='word_1_176' title='bbox 934 3089 976 3153; x_wconf 93' lang='lat' dir='ltr'>de</span> <span class='ocrx_word' id='word_1_177' title='bbox 995 3087 1120 3171; x_wconf 90' lang='lat' dir='ltr'>Joh’ne</span> <span class='ocrx_word' id='word_1_178' title='bbox 1139 3086 1181 3149; x_wconf 92' lang='lat' dir='ltr'>de</span> <span class='ocrx_word' id='word_1_179' title='bbox 1200 3084 1357 3160; x_wconf 90' lang='lat' dir='ltr'>Lanum;</span> <span class='ocrx_word' id='word_1_180' title='bbox 1384 3086 1574 3150; x_wconf 87' lang='lat' dir='ltr'>Reddendo</span> 
     </span>
     <span class='ocr_line' id='line_1_23' title="bbox 462 3190 1574 3275; baseline 0.001 -21"><span class='ocrx_word' id='word_1_181' title='bbox 462 3190 542 3259; x_wconf 91' lang='lat' dir='ltr'>inde</span> <span class='ocrx_word' id='word_1_182' title='bbox 567 3194 748 3259; x_wconf 82' lang='lat' dir='ltr'>annuatim</span> <span class='ocrx_word' id='word_1_183' title='bbox 772 3193 882 3257; x_wconf 93' lang='lat' dir='ltr'>eidem</span> <span class='ocrx_word' id='word_1_184' title='bbox 907 3192 1001 3275; x_wconf 90' lang='lat' dir='ltr'>Joh’i</span> <span class='ocrx_word' id='word_1_185' title='bbox 1025 3198 1059 3255; x_wconf 91' lang='lat' dir='ltr'>et</span> <span class='ocrx_word' id='word_1_186' title='bbox 1084 3191 1153 3254; x_wconf 92' lang='lat' dir='ltr'>her.</span> <span class='ocrx_word' id='word_1_187' title='bbox 1179 3211 1204 3253; x_wconf 84' lang='lat' dir='ltr'>S.</span> <span class='ocrx_word' id='word_1_188' title='bbox 1231 3210 1290 3253; x_wconf 91' lang='lat' dir='ltr'>sex</span> <span class='ocrx_word' id='word_1_189' title='bbox 1315 3190 1404 3265; x_wconf 82' lang='lat' dir='ltr'>den,</span> <span class='ocrx_word' id='word_1_190' title='bbox 1430 3190 1503 3274; x_wconf 89' lang='lat' dir='ltr'>iijd.</span> <span class='ocrx_word' id='word_1_191' title='bbox 1530 3190 1574 3255; x_wconf 93' lang='lat' dir='ltr'>ad</span> 
     </span>
     <span class='ocr_line' id='line_1_24' title="bbox 464 3296 1574 3382; baseline -0.003 -19"><span class='ocrx_word' id='word_1_192' title='bbox 464 3300 487 3365; x_wconf 89' lang='lat' dir='ltr'>i.</span> <span class='ocrx_word' id='word_1_193' title='bbox 513 3299 545 3364; x_wconf 89' lang='lat' dir='ltr'>S.</span> <span class='ocrx_word' id='word_1_194' title='bbox 572 3299 616 3363; x_wconf 93' lang='lat' dir='ltr'>M.</span> <span class='ocrx_word' id='word_1_195' title='bbox 642 3304 677 3362; x_wconf 88' lang='lat' dir='ltr'>et</span> <span class='ocrx_word' id='word_1_196' title='bbox 701 3297 773 3382; x_wconf 89' lang='lat' dir='ltr'>iijd.</span> <span class='ocrx_word' id='word_1_197' title='bbox 801 3298 846 3362; x_wconf 96' lang='lat' dir='ltr'>ad</span> <span class='ocrx_word' id='word_1_198' title='bbox 874 3298 984 3368; x_wconf 83' lang='lat' dir='ltr'>Pent..</span> <span class='ocrx_word' id='word_1_199' title='bbox 1010 3316 1072 3380; x_wconf 94' lang='lat' dir='ltr'>pro</span> <span class='ocrx_word' id='word_1_200' title='bbox 1099 3316 1190 3360; x_wconf 93' lang='lat' dir='ltr'>omn.</span> <span class='ocrx_word' id='word_1_201' title='bbox 1216 3315 1302 3359; x_wconf 78' lang='lat' dir='ltr'>serV.</span> <span class='ocrx_word' id='word_1_202' title='bbox 1329 3301 1364 3358; x_wconf 92' lang='lat' dir='ltr'>et</span> <span class='ocrx_word' id='word_1_203' title='bbox 1391 3296 1574 3361; x_wconf 87' lang='lat' dir='ltr'>exaccione</span> 
     </span>
     <span class='ocr_line' id='line_1_25' title="bbox 464 3400 1572 3488; baseline -0.004 -20"><span class='ocrx_word' id='word_1_204' title='bbox 464 3404 616 3469; x_wconf 84' lang='lat' dir='ltr'>seculari.</span> <span class='ocrx_word' id='word_1_205' title='bbox 664 3404 738 3488; x_wconf 87' lang='lat' dir='ltr'>Ego</span> <span class='ocrx_word' id='word_1_206' title='bbox 757 3403 864 3466; x_wconf 90' lang='lat' dir='ltr'>eciam</span> <span class='ocrx_word' id='word_1_207' title='bbox 882 3401 991 3465; x_wconf 88' lang='lat' dir='ltr'>Will’s</span> <span class='ocrx_word' id='word_1_208' title='bbox 1009 3400 1088 3464; x_wconf 93' lang='lat' dir='ltr'>dedi</span> <span class='ocrx_word' id='word_1_209' title='bbox 1107 3406 1141 3462; x_wconf 92' lang='lat' dir='ltr'>et</span> <span class='ocrx_word' id='word_1_210' title='bbox 1159 3419 1253 3463; x_wconf 92' lang='lat' dir='ltr'>conc.</span> <span class='ocrx_word' id='word_1_211' title='bbox 1274 3404 1309 3462; x_wconf 92' lang='lat' dir='ltr'>et</span> <span class='ocrx_word' id='word_1_212' title='bbox 1328 3400 1359 3462; x_wconf 93' lang='lat' dir='ltr'>h.</span> <span class='ocrx_word' id='word_1_213' title='bbox 1380 3420 1413 3482; x_wconf 92' lang='lat' dir='ltr'>p.</span> <span class='ocrx_word' id='word_1_214' title='bbox 1434 3420 1461 3463; x_wconf 89' lang='lat' dir='ltr'>c.</span> <span class='ocrx_word' id='word_1_215' title='bbox 1482 3400 1572 3464; x_wconf 87' lang='lat' dir='ltr'>coni.</span> 
     </span>
     <span class='ocr_line' id='line_1_26' title="bbox 463 3504 1573 3592; baseline -0.002 -20"><span class='ocrx_word' id='word_1_216' title='bbox 463 3508 557 3592; x_wconf 91' lang='lat' dir='ltr'>pred.</span> <span class='ocrx_word' id='word_1_217' title='bbox 580 3506 720 3592; x_wconf 86' lang='lat' dir='ltr'>Hugoni</span> <span class='ocrx_word' id='word_1_218' title='bbox 740 3513 775 3570; x_wconf 92' lang='lat' dir='ltr'>et</span> <span class='ocrx_word' id='word_1_219' title='bbox 794 3526 883 3571; x_wconf 89' lang='lat' dir='ltr'>succ.</span> <span class='ocrx_word' id='word_1_220' title='bbox 906 3526 931 3569; x_wconf 82' lang='lat' dir='ltr'>S.</span> <span class='ocrx_word' id='word_1_221' title='bbox 954 3504 1202 3589; x_wconf 87' lang='lat' dir='ltr'>prenominatis</span> <span class='ocrx_word' id='word_1_222' title='bbox 1221 3504 1256 3567; x_wconf 92' lang='lat' dir='ltr'>in</span> <span class='ocrx_word' id='word_1_223' title='bbox 1276 3524 1370 3587; x_wconf 90' lang='lat' dir='ltr'>perp.</span> <span class='ocrx_word' id='word_1_224' title='bbox 1392 3505 1446 3579; x_wconf 82' lang='lat' dir='ltr'>ei,</span> <span class='ocrx_word' id='word_1_225' title='bbox 1467 3526 1573 3570; x_wconf 91' lang='lat' dir='ltr'>vnam</span> 
     </span>
     <span class='ocr_line' id='line_1_27' title="bbox 464 3609 1573 3693; baseline -0.003 -16"><span class='ocrx_word' id='word_1_226' title='bbox 464 3612 584 3677; x_wconf 88' lang='lat' dir='ltr'>rodam</span> <span class='ocrx_word' id='word_1_227' title='bbox 614 3617 649 3675; x_wconf 91' lang='lat' dir='ltr'>et</span> <span class='ocrx_word' id='word_1_228' title='bbox 679 3610 858 3674; x_wconf 91' lang='lat' dir='ltr'>dimidiam</span> <span class='ocrx_word' id='word_1_229' title='bbox 889 3616 977 3673; x_wconf 91' lang='lat' dir='ltr'>terre</span> <span class='ocrx_word' id='word_1_230' title='bbox 1007 3630 1086 3674; x_wconf 91' lang='lat' dir='ltr'>cum</span> <span class='ocrx_word' id='word_1_231' title='bbox 1116 3609 1303 3693; x_wconf 91' lang='lat' dir='ltr'>pertinenc.</span> <span class='ocrx_word' id='word_1_232' title='bbox 1336 3629 1403 3693; x_wconf 91' lang='lat' dir='ltr'>que</span> <span class='ocrx_word' id='word_1_233' title='bbox 1434 3609 1573 3674; x_wconf 85' lang='lat' dir='ltr'>fuerunt</span> 
     </span>
     <span class='ocr_line' id='line_1_28' title="bbox 463 3713 1573 3798; baseline -0.003 -17"><span class='ocrx_word' id='word_1_234' title='bbox 463 3717 606 3781; x_wconf 91' lang='lat' dir='ltr'>Matilde</span> <span class='ocrx_word' id='word_1_235' title='bbox 629 3715 745 3797; x_wconf 88' lang='lat' dir='ltr'>Discy,</span> <span class='ocrx_word' id='word_1_236' title='bbox 770 3735 837 3798; x_wconf 93' lang='lat' dir='ltr'>que</span> <span class='ocrx_word' id='word_1_237' title='bbox 859 3714 973 3780; x_wconf 90' lang='lat' dir='ltr'>iacent</span> <span class='ocrx_word' id='word_1_238' title='bbox 996 3733 1098 3797; x_wconf 91' lang='lat' dir='ltr'>super</span> <span class='ocrx_word' id='word_1_239' title='bbox 1121 3713 1312 3777; x_wconf 89' lang='lat' dir='ltr'>Branteker</span> <span class='ocrx_word' id='word_1_240' title='bbox 1333 3713 1423 3777; x_wconf 90' lang='lat' dir='ltr'>inter</span> <span class='ocrx_word' id='word_1_241' title='bbox 1446 3719 1573 3778; x_wconf 88' lang='lat' dir='ltr'>terram</span> 
     </span>
     <span class='ocr_line' id='line_1_29' title="bbox 463 3818 1574 3916; baseline -0.005 -29"><span class='ocrx_word' id='word_1_242' title='bbox 463 3842 530 3907; x_wconf 92' lang='lat' dir='ltr'>que</span> <span class='ocrx_word' id='word_1_243' title='bbox 548 3822 616 3886; x_wconf 87' lang='lat' dir='ltr'>init</span> <span class='ocrx_word' id='word_1_244' title='bbox 634 3819 706 3884; x_wconf 92' lang='lat' dir='ltr'>d&#39;ni</span> <span class='ocrx_word' id='word_1_245' title='bbox 725 3819 838 3883; x_wconf 92' lang='lat' dir='ltr'>Nich’i</span> <span class='ocrx_word' id='word_1_246' title='bbox 857 3819 898 3883; x_wconf 94' lang='lat' dir='ltr'>de</span> <span class='ocrx_word' id='word_1_247' title='bbox 918 3819 1051 3893; x_wconf 91' lang='lat' dir='ltr'>Hewik,</span> <span class='ocrx_word' id='word_1_248' title='bbox 1071 3818 1200 3893; x_wconf 78' lang='lat' dir='ltr'>militis,</span> <span class='ocrx_word' id='word_1_249' title='bbox 1221 3824 1255 3882; x_wconf 90' lang='lat' dir='ltr'>et</span> <span class='ocrx_word' id='word_1_250' title='bbox 1275 3823 1488 3903; x_wconf 91' lang='lat' dir='ltr'>terramque</span> <span class='ocrx_word' id='word_1_251' title='bbox 1507 3818 1574 3916; x_wconf 87' lang='lat' dir='ltr'>iuit</span> 
     </span>
     <span class='ocr_line' id='line_1_30' title="bbox 464 3922 1573 4009; baseline -0.002 -20"><span class='ocrx_word' id='word_1_252' title='bbox 464 3925 582 4009; x_wconf 82' lang='lat' dir='ltr'><strong>Ruffy,</strong></span> <span class='ocrx_word' id='word_1_253' title='bbox 612 3930 646 3987; x_wconf 91' lang='lat' dir='ltr'>et</span> <span class='ocrx_word' id='word_1_254' title='bbox 674 3922 852 4007; x_wconf 88' lang='lat' dir='ltr'>protendit</span> <span class='ocrx_word' id='word_1_255' title='bbox 880 3942 915 3985; x_wconf 86' lang='lat' dir='ltr'>se</span> <span class='ocrx_word' id='word_1_256' title='bbox 943 3922 977 3985; x_wconf 91' lang='lat' dir='ltr'>in</span> <span class='ocrx_word' id='word_1_257' title='bbox 1006 3922 1146 4008; x_wconf 85' lang='lat' dir='ltr'>longum</span> <span class='ocrx_word' id='word_1_258' title='bbox 1175 3943 1283 4006; x_wconf 86' lang='lat' dir='ltr'>vsque</span> <span class='ocrx_word' id='word_1_259' title='bbox 1312 3922 1356 3986; x_wconf 91' lang='lat' dir='ltr'>ad</span> <span class='ocrx_word' id='word_1_260' title='bbox 1384 3922 1478 3987; x_wconf 85' lang='lat' dir='ltr'>viam</span> <span class='ocrx_word' id='word_1_261' title='bbox 1505 3944 1573 4008; x_wconf 91' lang='lat' dir='ltr'>que</span> 
     </span>
     <span class='ocr_line' id='line_1_31' title="bbox 462 4027 1572 4112; baseline -0.003 -17"><span class='ocrx_word' id='word_1_262' title='bbox 462 4036 608 4095; x_wconf 91' lang='lat' dir='ltr'>vocatur</span> <span class='ocrx_word' id='word_1_263' title='bbox 635 4028 812 4112; x_wconf 86' lang='lat' dir='ltr'>Kirkegat.</span> <span class='ocrx_word' id='word_1_264' title='bbox 861 4027 934 4111; x_wconf 86' lang='lat' dir='ltr'>Ego</span> <span class='ocrx_word' id='word_1_265' title='bbox 959 4027 1068 4092; x_wconf 87' lang='lat' dir='ltr'>eciam</span> <span class='ocrx_word' id='word_1_266' title='bbox 1092 4027 1201 4091; x_wconf 87' lang='lat' dir='ltr'>Will¹s</span> <span class='ocrx_word' id='word_1_267' title='bbox 1227 4027 1316 4102; x_wconf 94' lang='lat' dir='ltr'>dedi,</span> <span class='ocrx_word' id='word_1_268' title='bbox 1343 4048 1450 4102; x_wconf 87' lang='lat' dir='ltr'>conc,</span> <span class='ocrx_word' id='word_1_269' title='bbox 1477 4029 1572 4093; x_wconf 91' lang='lat' dir='ltr'>eth.</span> 
     </span>
     <span class='ocr_line' id='line_1_32' title="bbox 462 4131 1573 4219; baseline -0.002 -20"><span class='ocrx_word' id='word_1_270' title='bbox 462 4156 495 4219; x_wconf 95' lang='lat' dir='ltr'>p.</span> <span class='ocrx_word' id='word_1_271' title='bbox 521 4155 549 4199; x_wconf 90' lang='lat' dir='ltr'>c.</span> <span class='ocrx_word' id='word_1_272' title='bbox 575 4134 664 4199; x_wconf 87' lang='lat' dir='ltr'>coni.</span> <span class='ocrx_word' id='word_1_273' title='bbox 690 4133 784 4217; x_wconf 89' lang='lat' dir='ltr'>pred.</span> <span class='ocrx_word' id='word_1_274' title='bbox 811 4131 950 4216; x_wconf 86' lang='lat' dir='ltr'>Hugoni</span> <span class='ocrx_word' id='word_1_275' title='bbox 974 4138 1008 4195; x_wconf 92' lang='lat' dir='ltr'>et</span> <span class='ocrx_word' id='word_1_276' title='bbox 1032 4133 1282 4197; x_wconf 85' lang='lat' dir='ltr'>successoribus</span> <span class='ocrx_word' id='word_1_277' title='bbox 1305 4132 1512 4216; x_wconf 77' lang='lat' dir='ltr'>prescriptiS,</span> <span class='ocrx_word' id='word_1_278' title='bbox 1539 4134 1573 4197; x_wconf 93' lang='lat' dir='ltr'>in</span> 
     </span>
     <span class='ocr_line' id='line_1_33' title="bbox 462 4236 1573 4325; baseline -0.001 -22"><span class='ocrx_word' id='word_1_279' title='bbox 462 4260 556 4325; x_wconf 87' lang='lat' dir='ltr'>perp.</span> <span class='ocrx_word' id='word_1_280' title='bbox 585 4239 638 4313; x_wconf 90' lang='lat' dir='ltr'>el.,</span> <span class='ocrx_word' id='word_1_281' title='bbox 666 4237 760 4301; x_wconf 92' lang='lat' dir='ltr'>illam</span> <span class='ocrx_word' id='word_1_282' title='bbox 787 4236 965 4301; x_wconf 90' lang='lat' dir='ltr'>dimidiam</span> <span class='ocrx_word' id='word_1_283' title='bbox 993 4258 1107 4301; x_wconf 89' lang='lat' dir='ltr'>acram</span> <span class='ocrx_word' id='word_1_284' title='bbox 1135 4244 1222 4301; x_wconf 90' lang='lat' dir='ltr'>terre</span> <span class='ocrx_word' id='word_1_285' title='bbox 1249 4257 1328 4301; x_wconf 92' lang='lat' dir='ltr'>cum</span> <span class='ocrx_word' id='word_1_286' title='bbox 1354 4237 1573 4320; x_wconf 88' lang='lat' dir='ltr'>pertinenciis</span> 
     </span>
     <span class='ocr_line' id='line_1_34' title="bbox 462 4339 1570 4428; baseline -0.001 -19"><span class='ocrx_word' id='word_1_287' title='bbox 462 4364 565 4428; x_wconf 86' lang='lat' dir='ltr'>super</span> <span class='ocrx_word' id='word_1_288' title='bbox 589 4342 721 4426; x_wconf 84' lang='lat' dir='ltr'>Speltre</span> <span class='ocrx_word' id='word_1_289' title='bbox 746 4362 851 4424; x_wconf 93' lang='lat' dir='ltr'>quam</span> <span class='ocrx_word' id='word_1_290' title='bbox 877 4340 990 4404; x_wconf 87' lang='lat' dir='ltr'>dictus</span> <span class='ocrx_word' id='word_1_291' title='bbox 1015 4339 1133 4404; x_wconf 86' lang='lat' dir='ltr'>Nich’s</span> <span class='ocrx_word' id='word_1_292' title='bbox 1158 4341 1253 4406; x_wconf 90' lang='lat' dir='ltr'>dedit</span> <span class='ocrx_word' id='word_1_293' title='bbox 1279 4342 1406 4406; x_wconf 86' lang='lat' dir='ltr'>fabrice</span> <span class='ocrx_word' id='word_1_294' title='bbox 1431 4344 1510 4408; x_wconf 89' lang='lat' dir='ltr'>eccl.</span> <span class='ocrx_word' id='word_1_295' title='bbox 1537 4346 1570 4409; x_wconf 95' lang='lat' dir='ltr'>b.</span> 
     </span>
     <span class='ocr_line' id='line_1_35' title="bbox 462 4444 1571 4531; baseline -0.002 -18"><span class='ocrx_word' id='word_1_296' title='bbox 462 4448 633 4521; x_wconf 88' lang='lat' dir='ltr'>Wiliridi;</span> <span class='ocrx_word' id='word_1_297' title='bbox 660 4445 849 4510; x_wconf 91' lang='lat' dir='ltr'>Reddendo</span> <span class='ocrx_word' id='word_1_298' title='bbox 877 4444 956 4509; x_wconf 91' lang='lat' dir='ltr'>inde</span> <span class='ocrx_word' id='word_1_299' title='bbox 987 4444 1168 4509; x_wconf 88' lang='lat' dir='ltr'>annuatim</span> <span class='ocrx_word' id='word_1_300' title='bbox 1199 4444 1308 4509; x_wconf 92' lang='lat' dir='ltr'>eidem</span> <span class='ocrx_word' id='word_1_301' title='bbox 1340 4446 1467 4511; x_wconf 89' lang='lat' dir='ltr'>iabrice</span> <span class='ocrx_word' id='word_1_302' title='bbox 1497 4447 1571 4531; x_wconf 88' lang='lat' dir='ltr'>ijd.,</span> 
     </span>
     <span class='ocr_line' id='line_1_36' title="bbox 462 4549 1572 4634; baseline -0.003 -15"><span class='ocrx_word' id='word_1_303' title='bbox 462 4574 570 4618; x_wconf 91' lang='lat' dir='ltr'>vnum</span> <span class='ocrx_word' id='word_1_304' title='bbox 596 4551 640 4616; x_wconf 94' lang='lat' dir='ltr'>ad</span> <span class='ocrx_word' id='word_1_305' title='bbox 665 4551 687 4614; x_wconf 87' lang='lat' dir='ltr'>i.</span> <span class='ocrx_word' id='word_1_306' title='bbox 715 4551 746 4614; x_wconf 83' lang='lat' dir='ltr'>S.</span> <span class='ocrx_word' id='word_1_307' title='bbox 769 4551 813 4614; x_wconf 92' lang='lat' dir='ltr'>M.</span> <span class='ocrx_word' id='word_1_308' title='bbox 838 4556 872 4613; x_wconf 91' lang='lat' dir='ltr'>et</span> <span class='ocrx_word' id='word_1_309' title='bbox 894 4571 1002 4613; x_wconf 92' lang='lat' dir='ltr'>vnum</span> <span class='ocrx_word' id='word_1_310' title='bbox 1025 4549 1070 4613; x_wconf 92' lang='lat' dir='ltr'>ad</span> <span class='ocrx_word' id='word_1_311' title='bbox 1093 4550 1189 4613; x_wconf 91' lang='lat' dir='ltr'>Pent.</span> <span class='ocrx_word' id='word_1_312' title='bbox 1238 4551 1311 4634; x_wconf 85' lang='lat' dir='ltr'>Ego</span> <span class='ocrx_word' id='word_1_313' title='bbox 1334 4551 1441 4615; x_wconf 91' lang='lat' dir='ltr'>eciam</span> <span class='ocrx_word' id='word_1_314' title='bbox 1463 4552 1572 4617; x_wconf 81' lang='lat' dir='ltr'>Will&#39;s</span> 
     </span>
     <span class='ocr_line' id='line_1_37' title="bbox 463 4654 1568 4740; baseline -0.002 -17"><span class='ocrx_word' id='word_1_315' title='bbox 463 4659 553 4734; x_wconf 87' lang='lat' dir='ltr'>dedi,</span> <span class='ocrx_word' id='word_1_316' title='bbox 579 4676 672 4721; x_wconf 89' lang='lat' dir='ltr'>conc.</span> <span class='ocrx_word' id='word_1_317' title='bbox 698 4662 733 4719; x_wconf 92' lang='lat' dir='ltr'>et</span> <span class='ocrx_word' id='word_1_318' title='bbox 758 4656 790 4718; x_wconf 94' lang='lat' dir='ltr'>h.</span> <span class='ocrx_word' id='word_1_319' title='bbox 809 4675 841 4737; x_wconf 95' lang='lat' dir='ltr'>p.</span> <span class='ocrx_word' id='word_1_320' title='bbox 860 4676 888 4718; x_wconf 94' lang='lat' dir='ltr'>c.</span> <span class='ocrx_word' id='word_1_321' title='bbox 913 4655 1002 4718; x_wconf 85' lang='lat' dir='ltr'>coni.</span> <span class='ocrx_word' id='word_1_322' title='bbox 1029 4654 1183 4737; x_wconf 91' lang='lat' dir='ltr'>predicto</span> <span class='ocrx_word' id='word_1_323' title='bbox 1208 4655 1346 4740; x_wconf 85' lang='lat' dir='ltr'>Hugoni</span> <span class='ocrx_word' id='word_1_324' title='bbox 1371 4662 1405 4720; x_wconf 88' lang='lat' dir='ltr'>et</span> <span class='ocrx_word' id='word_1_325' title='bbox 1427 4677 1516 4721; x_wconf 89' lang='lat' dir='ltr'>succ.</span> <span class='ocrx_word' id='word_1_326' title='bbox 1543 4677 1568 4721; x_wconf 85' lang='lat' dir='ltr'>S.</span> 
     </span>
     <span class='ocr_line' id='line_1_38' title="bbox 463 4758 1570 4849; baseline -0.003 -21"><span class='ocrx_word' id='word_1_327' title='bbox 463 4761 670 4849; x_wconf 79' lang='lat' dir='ltr'>prescripti5‚</span> <span class='ocrx_word' id='word_1_328' title='bbox 693 4759 777 4825; x_wconf 90' lang='lat' dir='ltr'>illud</span> <span class='ocrx_word' id='word_1_329' title='bbox 799 4760 927 4823; x_wconf 77' lang='lat' dir='ltr'>toftum</span> <span class='ocrx_word' id='word_1_330' title='bbox 950 4760 984 4823; x_wconf 93' lang='lat' dir='ltr'>in</span> <span class='ocrx_word' id='word_1_331' title='bbox 1007 4758 1231 4843; x_wconf 86' lang='lat' dir='ltr'>Staynbrigat</span> <span class='ocrx_word' id='word_1_332' title='bbox 1251 4760 1345 4844; x_wconf 92' lang='lat' dir='ltr'>quod</span> <span class='ocrx_word' id='word_1_333' title='bbox 1362 4761 1427 4825; x_wconf 84' lang='lat' dir='ltr'>fuit</span> <span class='ocrx_word' id='word_1_334' title='bbox 1444 4760 1570 4838; x_wconf 88' lang='lat' dir='ltr'>Nades,</span> 
     </span>
    </p>
   </div>
   <div class='ocr_carea' id='block_1_5' title="bbox 0 0 1980 5625">
    <p class='ocr_par' dir='ltr' id='par_1_5' title="bbox 0 0 1980 5625">
     <span class='ocr_line' id='line_1_39' title="bbox 0 0 1980 5625; baseline 0 0"><span class='ocrx_word' id='word_1_335' title='bbox 0 0 1980 5625; x_wconf 95' lang='lat' dir='ltr'> </span> 
     </span>
    </p>
   </div>
  </div>
 </body>
</html>
