3950 5625
477 701 541 785 238
763 706 842 770 Tus
867 706 1025 772 Iucrrau
1049 708 1296 776 Mnuuscrurr.

476 884 720 966 parochianam
739 892 893 950 nostram
911 887 1036 971 Ripon'
1054 908 1096 951 ex
1113 889 1220 953 altera
1236 896 1345 973 parte,
1363 890 1455 954 licite
1471 892 1585 956 valeas

476 988 694 1063 solennizare‚
742 996 859 1055 tenore
898 993 1111 1075 presencium
1149 993 1325 1058 licenciam
1366 995 1584 1060 concedimus

476 1093 668 1176 specialem,
689 1093 716 1158 si
737 1094 876 1178 aliquod
896 1096 1182 1180 impedimentum
1202 1099 1404 1163 canonicum
1425 1120 1468 1163 ex
1489 1108 1584 1184 parte

477 1197 541 1260 viri
574 1219 643 1262 non
676 1187 833 1264 obsistat.
881 1200 966 1265 Cum
1001 1221 1043 1264 ex
1076 1201 1248 1286 fidedigna
1281 1203 1449 1267 relacione
1483 1205 1584 1268 Will'i

478 1301 588 1376 Saule,
605 1304 761 1387 perpetui
776 1303 901 1388 Vicarij
920 1305 1092 1389 prebende
1107 1306 1149 1369 de
1164 1306 1359 1370 Gevendale
1375 1309 1584 1392 suscepimus

476 1406 570 1489 quod
602 1407 773 1472 dictarum
806 1409 960 1492 parcium
993 1410 1117 1474 bannis
1149 1430 1210 1494 per
1242 1411 1354 1495 ipsum
1387 1412 1480 1476 trina
1513 1415 1584 1477 vice

476 1511 626 1594 legitime
653 1518 688 1576 et
715 1513 901 1577 solenniter
928 1513 1040 1588 editis,
1069 1515 1201 1578 nullum
1229 1515 1517 1600 impedimentum
1545 1539 1584 1582 ex

476 1621 574 1699 parte
592 1617 742 1680 mulieris
759 1618 940 1682 inuentum
958 1625 1010 1682 est
1027 1619 1111 1701 quin
1129 1619 1279 1703 legitime
1297 1626 1331 1684 et
1349 1621 1584 1687 matrimonia-

476 1719 554 1783 liter
571 1720 763 1785 adinuicem
782 1728 945 1806 poterunt
964 1723 1140 1806 copulari;
1165 1723 1248 1805 Jure
1269 1776 1275 1787 .
1298 1776 1304 1788 .
1327 1776 1333 1788 .
1354 1725 1460 1789 saluis
1482 1727 1532 1809 (as
1549 1727 1585 1790 in

477 1823 541 1888 No.
566 1826 654 1908 331).
704 1825 744 1889 In
767 1847 795 1889 c.
820 1847 845 1890 r.
871 1832 896 1890 t.
924 1879 929 1890 .
957 1879 963 1890 .
991 1878 997 1890 .
1023 1827 1245 1911 apposuimus
1271 1828 1320 1910 (as
1342 1829 1381 1892 in
1404 1830 1470 1895 No.
1495 1834 1582 1911 332).

477 1929 558 1994 Dat.
581 1930 615 1993 in
636 1930 690 1994 do,
714 1930 787 1995 n’ra
808 1930 865 1995 Ca.
889 1931 1013 2014 Ripon’
1036 1931 1178 2015 predict.
1201 1933 1363 1997 vicesimo
1383 1942 1511 2019 quarto
1532 1935 1584 1999 die

476 2034 601 2097 mensis
629 2036 769 2100 Octobr.
799 2035 900 2099 Anno
929 2036 1010 2099 D'ni
1040 2036 1217 2101 Millesimo
1245 2037 1584 2123 quadringentesimo

476 2139 687 2222 sexagesimo
706 2139 862 2223 septimo

478 2319 565 2404 (337)
599 2320 829 2384 Aucrorurns
860 2338 1096 2386 Punrurcnuor
1128 2338 1320 2386 uurrunau
1352 2339 1392 2386 ru
1424 2339 1583 2388 curuum

520 2441 720 2490 romnsacn
745 2443 793 2489 nu
817 2425 1030 2490 Tuonurou.

563 2579 620 2645 Ca.
651 2581 729 2644 eccl.
761 2579 842 2645 Coll.
872 2582 905 2644 b.
936 2580 1045 2645 Wilir.
1077 2581 1201 2665 Ripon’
1232 2581 1325 2665 Joh'i
1356 2582 1513 2648 Kendale
1542 2584 1581 2648 de

370 2683 375 2692 ⁴
410 2683 415 2693 '
476 2684 697 2759 Raventoite,
738 2685 925 2768 capellano,
965 2685 1123 2749 salutem.
1170 2686 1217 2749 Vt
1256 2685 1401 2750 Aliciam
1440 2708 1581 2752 vxorem

474 2788 585 2871 Joh’is
612 2788 817 2855 Whelhouse
844 2789 886 2854 de
910 2789 1202 2866 Thomtonwodd,
1228 2791 1387 2875 parochie
1410 2792 1582 2876 prebende

474 2894 516 2957 de
546 2894 709 2978 Stodelay
739 2895 773 2958 in
803 2895 882 2959 eccl.
913 2895 988 2959 n'ra
1011 2895 1176 2979 predicta,
1201 2902 1280 2979 post
1310 2903 1451 2980 parturn
1480 2898 1581 2982 prolis

474 2999 650 3063 ecclesiam
686 2998 823 3083 aggredi
854 2999 1039 3073 volentem,
1072 3000 1106 3063 in
1132 3000 1306 3083 Capellam
1337 3000 1380 3064 de
1403 3001 1581 3067 Thomton

474 3103 631 3187 recipere,
651 3103 749 3186 eique
770 3104 1033 3168 sacramentalia
1054 3104 1248 3168 ministrare
1269 3104 1361 3168 licite
1381 3105 1498 3170 valeas
1520 3107 1581 3171 hac

474 3208 558 3283 vice,
577 3208 752 3271 licenciam
772 3214 889 3272 tenore
906 3208 1119 3292 presencium
1136 3209 1199 3273 tibi
1216 3209 1435 3274 concedimus
1455 3211 1581 3295 specia-

473 3312 550 3377 lem.
598 3313 681 3395 Jure
709 3364 715 3376 .
746 3364 752 3377 .
782 3363 789 3377 .
817 3312 921 3376 saluis
950 3313 1000 3395 (as
1025 3313 1063 3377 in
1089 3313 1153 3377 No,
1182 3316 1271 3395 331).
1319 3314 1400 3378 Dat.
1429 3315 1495 3379 sub
1521 3316 1578 3399 sig.

473 3417 582 3502 Officij
621 3415 849 3500 Commissarij
888 3417 953 3481 n’ri
988 3417 1023 3481 in
1059 3418 1147 3482 festo
1183 3417 1249 3482 S’ci
1285 3417 1397 3482 Nich'i
1433 3419 1513 3503 Ep'i
1548 3425 1580 3483 et

473 3521 691 3596 Confessoris,
711 3521 812 3585 Anno
831 3521 911 3585 D’ni
931 3521 1110 3586 Millesimo
1128 3518 1467 3607 quadringentesimo
1486 3544 1579 3587 sexa·

473 3626 601 3710 gesimo
619 3625 776 3710 septimo

475 3807 562 3891 (338)
595 3806 825 3870 Aucronrrns
855 3822 1092 3870 Punrrrcnuor
1123 3823 1315 3869 Murruuuu
1347 3823 1385 3869 ru
1416 3804 1580 3871 Caracca

517 3926 717 3976 Fonrusucn
737 3927 786 3973 no
808 3927 951 3974 eonrnu
973 3926 1253 3974 occroeurnuuu
1276 3909 1509 3991 MounsruruJ
1533 3928 1578 3975 ou

517 4018 712 4080 Fourrssus

559 4158 616 4222 Ca.
639 4156 717 4221 eccl.
740 4155 821 4220 Coll.
845 4155 969 4239 Ripon’
993 4155 1118 4219 dilecto
1138 4156 1236 4219 nobis
1257 4156 1292 4220 in
1314 4156 1395 4241 Xpo
1416 4156 1577 4222 confratri

472 4262 621 4327 Will’mo
635 4261 725 4335 Sam,
741 4259 937 4343 Monasterij
955 4259 1028 4324 S'ce
1042 4259 1147 4323 Marie
1160 4260 1202 4324 de
1216 4261 1385 4325 Fontibus
1399 4261 1576 4336 Monocho,

471 4366 631 4450 Janitori,
659 4366 816 4429 salutem.
864 4364 910 4428 Vt
937 4364 1083 4427 Aliciam
1108 4385 1251 4428 vxorem
1278 4365 1388 4447 Joh'is
1415 4365 1511 4431 West
1537 4365 1577 4429 de

469 4471 622 4545 Warsell,
644 4469 888 4554 parochianam
909 4468 1080 4551 prebende
1100 4468 1143 4531 de
1164 4468 1325 4553 Nunwyk
1346 4470 1380 4533 in
1402 4471 1482 4536 eccl.
1506 4470 1576 4534 n'ra

470 4576 634 4661 predicta,
660 4579 738 4658 post
762 4579 901 4656 partum
925 4571 1029 4656 prolis
1053 4572 1205 4637 eccl'iam
1229 4573 1366 4657 aggredi
1391 4574 1574 4647 volentem,

470 4682 504 4745 in
534 4679 707 4764 Capellam
737 4677 810 4741 S’ce
840 4676 945 4741 Marie
975 4676 1020 4740 ad
1050 4683 1187 4759 portam
1217 4677 1466 4741 occidentalem
1495 4676 1576 4741 dieti

470 4781 666 4866 Monasterij
700 4782 867 4845 situatam
897 4780 1056 4864 recipere,
1088 4779 1268 4864 eidemque
1298 4788 1514 4847 sacramenta
1543 4789 1574 4844 et
