3950 5625
420 709 463 773 86
712 710 790 775 Tar
817 711 970 775 Inorrer
997 710 1244 774 Menoscrnrr.

418 893 452 950 et
468 888 537 972 qui.
556 889 600 953 ab
616 909 706 953 omn.
724 909 811 953 serv.
829 895 863 952 et
878 909 970 953 cons.
988 909 1050 972 pro
1065 888 1201 953 duobus
1216 887 1332 952 solidis
1348 886 1537 951 annuatim

418 991 610 1067 reddendis
636 1013 681 1056 sc.
709 992 792 1076 xijd.
820 993 864 1057 ad
890 994 987 1057 Pent.
1015 999 1050 1057 et
1075 991 1159 1075 xijd.
1186 992 1230 1056 ad
1255 993 1277 1056 f.
1305 992 1337 1055 S.
1365 992 1409 1055 M.
1437 991 1473 1055 in
1497 991 1534 1055 h.

418 1095 465 1159 Et
499 1102 539 1159 vt
577 1097 638 1160 hec
672 1097 818 1161 donacio
856 1103 891 1161 et
929 1097 1102 1161 concessio
1141 1102 1218 1160 rata
1256 1102 1291 1159 et
1329 1095 1536 1159 inconcussa

418 1206 629 1282 permaneat,
651 1202 683 1264 h.
705 1221 767 1264 scr.
790 1201 849 1285 sig.
871 1201 980 1276 nostri
1001 1200 1219 1284 apposicione
1238 1199 1533 1264 confirmauimus
1571 1201 1575 1208 '

419 1302 462 1366 H.
483 1309 521 1377 t„
541 1303 678 1388 Mag’ris
697 1304 736 1368 A.
756 1305 798 1368 de
818 1305 1032 1388 Melsaynby,
1052 1305 1084 1387 J.
1106 1304 1275 1377 Romano
1295 1303 1334 1367 G.
1355 1303 1397 1366 de
1416 1303 1533 1378 Lard’‚

418 1407 597 1471 Canonicis
630 1407 672 1471 de
705 1408 831 1492 Ripon,
862 1409 1043 1483 Herberto,
1075 1407 1217 1491 Nigello,
1247 1407 1346 1492 Rog’,
1379 1407 1532 1482 Matheo

419 1511 542 1586 Will’o,
593 1512 731 1587 Rob’t0,
780 1512 904 1587 Will’o,
953 1512 1079 1594 Joh'ne
1126 1511 1328 1595 CapellaniS,
1376 1510 1534 1576 Gilberto

420 1615 577 1690 tinctore,
602 1615 733 1680 Gilb’to
756 1616 798 1679 de
823 1616 1010 1690 Mortimer,
1036 1615 1141 1680 Walt'
1167 1615 1308 1690 Surreis,
1334 1615 1466 1679 Emald
1490 1615 1532 1678 de

420 1718 530 1795 Disce,
552 1719 680 1783 Rob’to
698 1720 767 1783 filio
785 1720 906 1796 Thore,
927 1719 1056 1783 Rob’to
1074 1719 1119 1783 fil.
1140 1718 1290 1793 Aldredi,
1310 1725 1345 1782 et
1363 1719 1529 1802 pluribus.

808 1911 895 1991 (131)
924 1909 979 1972 Dr
1005 1926 1142 1973 sonan.

506 2062 607 2127 Omn.
638 2063 697 2145 xpi
725 2062 781 2126 fid.
812 2083 862 2146 pr.
892 2069 976 2126 cart.
1007 2063 1070 2127 vis,
1100 2063 1154 2126 vel
1183 2063 1275 2137 aud,
1307 2062 1456 2128 Rob'tus
1484 2062 1529 2127 fil.

420 2166 521 2230 Rob'i
546 2166 588 2231 de
614 2166 812 2240 Maunfeud,
839 2187 886 2230 sa.
913 2166 948 2230 in
974 2168 1076 2231 D’no.
1124 2166 1269 2231 Nouerit
1293 2166 1388 2230 vniu.
1415 2172 1531 2231 vestra

418 2291 472 2335 me
488 2270 564 2334 ded.
582 2277 616 2334 et
631 2271 700 2354 qui.
718 2270 780 2334 cla.
798 2270 840 2334 de
855 2291 910 2334 me
925 2277 960 2334 et
975 2272 1045 2335 her.
1063 2292 1107 2335 m.
1125 2270 1160 2334 in
1176 2291 1269 2354 perp.
1287 2276 1322 2334 et
1337 2271 1370 2334 h.
1387 2291 1420 2354 p.
1438 2292 1466 2335 c.
1484 2292 1528 2335 m.

358 2370 360 2375 ’
417 2375 506 2439 conf.
531 2374 603 2439 Ric.
627 2374 741 2439 Blund
765 2374 807 2438 de
826 2375 969 2458 Auesty,
986 2375 1027 2457 (Ρ)
1054 2375 1138 2439 illud
1158 2375 1288 2439 toftum
1311 2395 1427 2439 meum
1451 2395 1530 2440 cum

418 2478 558 2543 edificiis
583 2485 618 2542 et
644 2478 861 2562 pertinenciis
887 2479 921 2542 in
947 2479 1030 2543 villa
1056 2479 1180 2562 Ripon’
1207 2479 1302 2562 quod
1326 2479 1416 2543 iacet
1441 2479 1531 2543 inter

418 2583 572 2666 placeam
602 2582 661 2645 vbi
691 2583 758 2647 sita
787 2588 839 2645 est
868 2582 1010 2667 grangia
1039 2602 1106 2666 que
1136 2583 1202 2646 fuit
1234 2583 1353 2666 Mag’ri
1383 2582 1458 2647 Ade
1488 2583 1529 2646 de

419 2686 598 2769 Melsanby
615 2693 650 2749 et
668 2692 794 2750 terram
812 2686 990 2770 quondam
1008 2686 1199 2751 Normanni
1217 2687 1272 2750 del
1290 2687 1387 2750 HoW.
1429 2687 1529 2770 Quod

418 2811 463 2856 sc.
497 2791 626 2855 toftum
657 2810 718 2876 ego
749 2790 862 2855 dictus
893 2790 1047 2875 Rogerus
1077 2791 1184 2856 habui
1214 2791 1256 2855 de
1287 2791 1378 2856 dono
1410 2791 1529 2876 Mag'ri

419 2895 530 2978 Joh’is
564 2895 709 2958 Romani
744 2895 921 2978 quondam
954 2895 1116 2960 Canonici
1150 2895 1275 2979 Ripon'
1310 2896 1401 2960 Eccl.
1435 2895 1529 2980 quod

420 2999 486 3063 fuit
516 2998 619 3062 Will’i
649 2998 694 3063 fil.
727 2998 882 3090 Gilberti,
910 3006 979 3063 ten.
1009 3006 1044 3063 et
1074 3000 1153 3063 hab.
1185 3000 1249 3063 eid.
1284 2999 1357 3064 Ric.
1394 3006 1429 3063 et
1461 3000 1533 3064 eius

420 3103 603 3167 heredibus
623 3103 678 3166 vel
699 3103 821 3188 assign.
845 3103 887 3168 de
908 3104 1084 3187 prebenda
1104 3125 1172 3188 que
1193 3103 1259 3168 fuit
1282 3104 1402 3188 Mag'ri
1424 3104 1534 3186 Joh'is

420 3207 576 3292 predicti,
597 3208 683 3272 adeo
702 3209 799 3282 bene,
820 3207 852 3271 li.
874 3208 998 3292 etqui.
1019 3208 1109 3271 sicut
1129 3228 1191 3292 ego
1211 3207 1360 3273 Rob'tus
1379 3229 1534 3293 vnquam

421 3312 542 3376 melius
562 3318 597 3375 et
617 3311 756 3376 liberius
776 3311 870 3395 pred.
890 3312 1020 3376 toftum
1040 3333 1119 3375 cum
1139 3318 1226 3395 pert.
1245 3312 1342 3376 tenui
1363 3318 1398 3375 et
1419 3318 1534 3376 tenere

422 3416 592 3490 deberem,
628 3421 731 3499 prout
765 3422 916 3479 testatur
948 3422 1045 3480 carta
1078 3437 1184 3500 quam
1218 3436 1280 3501 ego
1314 3415 1408 3499 pred.
1445 3416 1532 3480 Rob.

422 3520 528 3585 habui
563 3520 605 3583 de
638 3519 798 3603 Capitulo
834 3519 958 3603 Ripon’
994 3520 1073 3584 eccl.
1108 3520 1218 3604 sigillo
1251 3519 1357 3584 eiusd.
1393 3520 1535 3604 capituli

423 3624 583 3709 sigillata,
597 3643 658 3707 per
676 3644 781 3707 quam
794 3630 926 3687 cartam
946 3644 1017 3687 vna
1035 3644 1113 3687 cum
1132 3630 1229 3687 carta
1247 3644 1324 3687 mea
1342 3623 1535 3708 predictum

423 3727 496 3792 Ric.
533 3727 568 3792 in
603 3727 791 3810 plenariam
826 3727 1001 3791 constituo
1036 3727 1294 3810 possessionem.
1343 3727 1535 3791 Reddendo

421 3831 501 3896 inde
522 3831 703 3895 annuatim
724 3832 888 3895 canonico
909 3832 1001 3895 dicte
1022 3831 1194 3914 prebende
1215 3832 1274 3915 qui
1296 3852 1358 3916 pro
1379 3838 1534 3915 tempore

422 4045 457 4103 et
477 4038 565 4104 med.
588 4039 632 4103 ad
653 4039 675 4103 f.
699 4040 730 4103 S.
754 4040 797 4104 M.
820 4040 854 4104 in
875 4040 907 4103 h.
929 4060 993 4122 pro
1012 4038 1172 4103 omnibus
1192 4059 1279 4103 serv.
1301 4045 1337 4102 et
1356 4040 1446 4103 dem.
1468 4060 1534 4124 que

422 4143 513 4208 dicte
542 4149 630 4207 terre
658 4144 810 4207 accidere
837 4144 980 4227 possint.
1030 4144 1076 4205 Et
1104 4143 1230 4207 sciend.
1260 4143 1354 4227 quod
1381 4164 1444 4227 pro
1472 4143 1542 4207 hac.

423 4247 612 4312 donacione
634 4254 668 4310 et
690 4248 759 4331 qui.
784 4248 846 4312 cla.
871 4254 905 4311 et
927 4267 1014 4330 pres
1038 4253 1132 4310 carte
1154 4248 1417 4312 confirmacione
1439 4247 1534 4312 dedit

424 4351 527 4416 michi
556 4351 711 4434 prefatus
739 4351 808 4415 scil.
835 4351 896 4415 xls
924 4350 1066 4435 argenti.
1115 4350 1223 4425 Vnde,
1245 4371 1288 4415 ne
1314 4351 1392 4435 quis
1415 4356 1536 4415 contra

425 4456 513 4520 hanc
545 4475 657 4519 meam
689 4455 915 4519 donacionem
947 4460 980 4517 et
1013 4454 1083 4537 qui.
1117 4454 1179 4519 cla.
1214 4456 1330 4519 uenire
1360 4454 1469 4538 possit
1500 4454 1535 4518 in

424 4564 611 4643 posterum,
642 4560 731 4623 hanc
758 4579 845 4642 pres
876 4563 1009 4622 cartam
1038 4558 1174 4641 prefato
1204 4558 1277 4623 Ric.
1308 4559 1379 4623 fieri
1408 4558 1472 4621 feci
1500 4563 1535 4620 et

423 4663 483 4748 sig.
512 4684 557 4727 m.
586 4662 804 4747 apposicione
831 4662 1001 4726 roboraui,
1044 4663 1093 4743 (41
1116 4665 1160 4745 v.)
1210 4664 1254 4727 H.
1283 4670 1308 4728 t.
1338 4663 1467 4748 Mag'ro
1493 4660 1533 4726 G.

424 4767 466 4832 de
485 4766 586 4833 Lard'
606 4773 642 4832 et
660 4767 791 4832 ceteris,
