3950 5625
849 727 1080 793 Cnnromnv.
1478 728 1520 812 87

777 907 864 990 (132)
892 906 949 970 Dr
972 922 1110 971 rouen.

494 1061 595 1124 Omn.
626 1059 822 1124 hominibus
850 1060 894 1124 ad
922 1080 1009 1144 quos
1037 1080 1087 1143 pr.
1116 1081 1179 1124 scr.
1210 1061 1414 1144 peruenerit,
1445 1060 1518 1125 Ric.

405 1162 532 1238 Blund,
552 1184 600 1228 sa.
620 1164 654 1227 in
674 1164 774 1228 D’no.
823 1163 911 1228 Nou.
932 1184 986 1227 me
1005 1184 1086 1229 rem.
1107 1165 1177 1240 rel„
1197 1165 1239 1228 de
1258 1185 1312 1229 me
1330 1170 1364 1228 et
1383 1165 1452 1229 her.
1473 1186 1518 1229 m.

402 1267 475 1350 qui.
501 1267 564 1331 cla.
590 1267 625 1332 in
648 1287 756 1351 perp,
780 1274 815 1331 et
840 1269 872 1332 h.
898 1288 948 1351 pr.
973 1289 1036 1331 scr.
1062 1289 1107 1331 m.
1133 1269 1223 1332 conf.
1249 1268 1330 1333 d'no
1353 1269 1467 1332 Will'o
1490 1268 1520 1332 le

406 1371 550 1435 Vawsor
574 1392 636 1454 pro
660 1371 813 1455 quadam
837 1392 973 1436 summa
998 1372 1140 1455 pecunie
1165 1393 1271 1456 quam
1296 1373 1398 1436 michi
1424 1372 1519 1437 dedit

403 1475 439 1538 in
468 1495 545 1538 meo
572 1476 723 1560 negocio
749 1481 864 1540 totum
891 1476 944 1539 ius
971 1483 1006 1540 et
1029 1476 1191 1540 clamium
1215 1477 1309 1560 quod
1333 1477 1437 1540 habui
1465 1463 1543 1540 vel·

405 1579 522 1663 aliquo
546 1585 701 1663 tempore
724 1581 849 1644 habere
873 1581 970 1663 potui
994 1581 1028 1643 in
1052 1587 1128 1643 toto
1151 1586 1350 1645 tenemento
1373 1581 1407 1644 in
1431 1580 1519 1643 villis

404 1690 439 1747 et
463 1684 571 1748 territ.
595 1684 637 1747 de
661 1684 786 1767 Ripon'
810 1690 844 1747 et
867 1684 1005 1747 Aldfeld
1026 1684 1121 1768 quod
1143 1685 1249 1748 habui
1271 1684 1313 1747 de
1335 1685 1427 1748 dono
1448 1684 1520 1747 d'ni

406 1788 499 1851 Petri
519 1787 693 1870 Capellani
713 1788 890 1872 quondam
910 1788 1074 1852 Canonici
1095 1788 1232 1871 Ripon'.
1281 1788 1371 1852 Hab.
1393 1795 1428 1851 et
1449 1795 1517 1853 ten.

404 1912 483 1955 cum
507 1897 593 1974 pert.
619 1892 683 1957 eid.
709 1891 790 1956 d’no
813 1891 926 1955 Will'o
950 1897 984 1955 et
1008 1892 1078 1955 her.
1103 1911 1129 1955 S.
1154 1892 1209 1955 vel
1232 1912 1298 1955 eor.
1324 1893 1460 1976 assign.‚
1484 1891 1518 1955 li.

405 1995 474 2079 qui.
494 1997 591 2071 bene,
610 2001 644 2059 et
662 1996 696 2059 in
714 2015 798 2078 pace
816 1996 850 2059 in
868 2016 962 2079 perp.
1012 1996 1068 2059 Ita
1085 1996 1154 2060 scil.
1174 1996 1268 2079 quod
1285 2016 1347 2059 nec
1364 2017 1426 2079 ego
1444 1995 1518 2059 Ric.

406 2120 467 2163 nec
498 2099 622 2183 aliquis
654 2100 724 2164 her.
758 2119 802 2163 m.
837 2099 871 2163 in
903 2120 1056 2182 prenom.
1091 2105 1289 2163 tenemento
1320 2120 1400 2163 cum
1431 2105 1518 2182 pert.

407 2203 536 2287 aliquid
569 2203 650 2267 iuris
683 2204 738 2266 vel
771 2203 884 2267 clamii
923 2203 995 2267 iure
1028 2204 1083 2267 vel
1115 2204 1298 2267 hereditar'
1333 2203 1374 2266 de
1407 2214 1520 2267 cetero

407 2307 538 2391 exigere
559 2307 614 2370 vel
635 2307 817 2372 vendicare
839 2307 1039 2390 poterimus.
1089 2308 1129 2371 In
1151 2328 1178 2370 c.
1202 2328 1227 2370 r.
1251 2313 1331 2370 test.
1355 2307 1435 2370 huic
1456 2327 1518 2370 scr.

407 2410 464 2495 sig.
482 2432 527 2475 m.
546 2411 702 2494 apposui.
751 2411 795 2474 H.
813 2416 838 2474 t.
856 2411 945 2475 d'nis
962 2410 1034 2474 Ric.
1052 2411 1095 2474 de
1112 2411 1237 2493 Boyuil
1252 2416 1286 2473 et
1302 2411 1433 2474 ceteris

752 2602 839 2683 (133)
868 2601 923 2664 DE
948 2618 1086 2665 rouen.

494 2757 596 2821 Omn.
625 2756 684 2839 xpi
709 2755 766 2820 fid.
795 2755 839 2820 ad
864 2777 950 2841 quos
976 2776 1062 2839 pres.
1090 2775 1152 2819 scr.
1180 2755 1384 2839 peruenerit,
1412 2756 1520 2820 Will’s
1553 2776 1698 2840 Juiy,124.

410 2859 451 2924 fil.
481 2860 571 2924 Gilb.
601 2859 646 2924 fil.
676 2860 793 2924 Seueri
821 2859 863 2923 de
892 2860 1029 2943 Ripon’,
1058 2881 1105 2923 sa.
1136 2860 1170 2923 in
1198 2860 1299 2923 D'n0.
1348 2859 1436 2924 Nou.
1466 2882 1520 2925 me

408 2984 500 3028 conc.
522 2984 604 3027 rem.
625 2970 660 3026 et
679 2964 749 3048 qui.
770 2963 832 3027 cla.
854 2984 916 3046 pro
935 2984 990 3027 me
1009 2970 1044 3027 et
1063 2964 1132 3026 her.
1154 2984 1199 3026 m.
1221 2964 1255 3027 in
1275 2983 1368 3046 perp.
1391 2964 1520 3048 Mag’ro

408 3066 439 3148 J.
464 3067 624 3131 Romano
645 3067 842 3131 subdecano
864 3068 967 3130 Ebor.
992 3067 1130 3131 ecclesie
1153 3073 1187 3129 et
1209 3067 1381 3149 prebende
1403 3088 1463 3130 sue
1485 3068 1519 3132 in

409 3170 545 3255 Ripon',
572 3177 687 3234 totum
712 3171 764 3234 ius
787 3191 903 3235 meum
928 3177 963 3233 et
987 3171 1049 3234 cla.
1076 3170 1170 3255 quod
1195 3170 1301 3234 habui
1326 3170 1360 3233 in
1385 3170 1520 3234 duabus

407 3275 544 3340 bouatis
569 3280 657 3338 terre
681 3295 761 3339 cum
786 3280 872 3358 pert.
898 3275 932 3338 in
959 3274 1084 3357 Ripon’
1110 3295 1197 3358 quas
1226 3274 1341 3358 aliquo
1367 3280 1519 3356 tempore

408 3380 502 3443 tenui
523 3379 565 3442 de
586 3380 679 3461 preb.
702 3379 808 3442 eiusd.
832 3378 951 3463 Mag’ri
972 3378 1083 3461 Joh'is
1105 3378 1252 3441 Romani
1273 3378 1308 3441 in
1329 3378 1402 3441 ead.
1425 3378 1518 3453 villa,

408 3487 475 3547 ten.
497 3488 532 3545 et
551 3483 631 3546 hab.
653 3483 717 3546 eid.
740 3482 869 3567 Mag'ro
888 3488 923 3546 et
942 3483 1036 3565 preb.
1058 3502 1117 3545 sue
1137 3488 1171 3544 et
1191 3481 1370 3545 Canonicis
1389 3481 1423 3544 in
1443 3481 1517 3545 ead.

407 3587 500 3669 preb.
515 3582 800 3661 succedentibus,
825 3586 949 3661 liberie,
975 3586 1106 3660 solutis,
1132 3593 1166 3648 et
1191 3586 1316 3669 quietis
1340 3584 1382 3647 de
1406 3605 1460 3647 me
1484 3591 1519 3648 et

407 3690 475 3754 her.
496 3711 542 3754 m.
563 3690 598 3753 in
617 3710 735 3773 perp.;
762 3710 824 3773 pro
843 3690 907 3753 hac
926 3695 1044 3753 autem
1063 3710 1157 3753 conc.
1178 3690 1288 3752 remis.
1310 3689 1433 3772 etqui.
1455 3689 1517 3753 cla.

407 3794 569 3877 predictis
591 3793 622 3875 J.
643 3793 801 3857 Romano
821 3794 1018 3857 subdecano
1036 3794 1151 3868 Ebor,
1171 3793 1273 3856 michi
1290 3792 1386 3856 dedit
1404 3813 1519 3856 coram

407 3897 635 3979 Justiciariis¹
657 3898 728 3961 d'ni
746 3897 849 3981 Regis
870 3897 1072 3980 subscriptis
1094 3896 1187 3980 apud
1209 3896 1333 3979 Ripon'
1357 3896 1519 3960 itineran-

407 4001 511 4076 tibus,
538 4001 592 4065 die
618 4002 758 4065 Veneris
784 4022 879 4084 prox.
907 3983 985 4084 post
1021 4001 1148 4063 testum
1180 4000 1246 4064 S'ci
1277 3999 1399 4082 Jacobi
1428 4000 1516 4083 Ap’li

408 4125 498 4169 anno
523 4105 616 4189 regni
642 4105 727 4189 regis
753 4104 892 4168 Henrici
916 4104 976 4167 filii
1002 4103 1104 4187 Regis
1129 4104 1298 4186 Johannis
1322 4120 1375 4183 24,
1401 4103 1518 4167 decem

407 4229 539 4272 marcas
564 4209 696 4292 argenti
724 4208 792 4290 (vx.
819 4210 925 4290 mea)²
948 4227 1064 4270 coram
1088 4206 1274 4269 iusticiario
1298 4212 1518 4287 comparente

406 4317 441 4375 et
480 4311 677 4375 remittente
716 4311 881 4396 quicquid
923 4310 1005 4373 iuris
1044 4309 1166 4372 habuit
1201 4308 1235 4371 in
1275 4307 1381 4371 tercia
1419 4314 1518 4391 parte

346 4410 351 4420 “
407 4416 578 4480 dictarum
609 4416 757 4479 duarum
785 4416 995 4478 bouatarum
1026 4419 1114 4473 terre
1146 4431 1225 4474 cum
1256 4415 1343 4494 pert.
1380 4412 1518 4476 nomine

408 4519 508 4583 dotis.
573 4519 616 4583 H.
648 4524 673 4582 t.
708 4519 797 4582 d’nis
828 4517 870 4581 de
901 4514 1079 4586 Culewers
1112 4512 1237 4595 Jolano
1267 4514 1309 4577 de
1341 4509 1452 4590 Neuil‚
1483 4522 1519 4579 et

408 4623 536 4686 ceteris.

480 4812 487 4835 ¹
507 4808 563 4858 MS.
574 4807 624 4857 bas
642 4812 657 4831 ‘¹
669 4801 888 4869 Justiciarium.''
962 4800 972 4822 ²
993 4792 1126 4841 Inserted·
