3950 5625
780 706 873 772 Acrs
897 725 942 772 or
965 708 1143 773 Cnnprnn.
1453 703 1513 767 161

410 882 524 947 induci
551 884 703 962 fecimus,
730 887 943 972 prestitoque
969 907 1031 971 per
1056 893 1091 970 te
1117 888 1310 952 iuramento
1337 884 1514 969 corporali,

363 1018 367 1029 ·
410 987 511 1051 tactis
540 990 765 1054 sacrosanctis
794 991 858 1054 Dei
888 992 1094 1076 Euangeliis,
1125 991 1170 1055 ad
1199 989 1409 1055 deseruiend.
1441 988 1515 1052 d’ce

410 1089 567 1155 Cantarie
581 1093 771 1158 secundum
785 1095 868 1169 vim,
885 1095 1043 1170 formam,
1061 1102 1095 1159 et
1111 1096 1273 1159 effectum
1288 1093 1515 1158 ordinacionis

409 1194 569 1261 eiusdem.
617 1198 698 1263 Dat.
720 1199 755 1263 in
777 1199 831 1263 do.
855 1199 930 1263 n’ra
950 1199 1138 1283 Capitulari
1160 1199 1310 1263 secundo
1331 1198 1385 1261 die
1407 1217 1512 1261 mens

408 1298 493 1384 Aug.
514 1300 615 1365 Anno
633 1302 714 1366 D'ni
733 1303 910 1367 Millesimo
928 1317 1046 1368 ccec¹¹¹0
1063 1303 1205 1368 decimo.

630 1463 728 1577 (235l
747 1495 983 1574 (Nomination
1009 1503 1046 1560 to
1070 1517 1090 1560 a
1113 1496 1292 1579 Chantry).

494 1649 687 1713 Venerabili
721 1671 771 1715 ca.
797 1649 875 1715 eccl.
901 1650 982 1715 Coll.
1009 1651 1145 1734 Ripon’,
1171 1657 1285 1714 vester
1307 1649 1445 1714 humilis
1479 1655 1513 1712 et
1592 1674 1666 1721 1410,

409 1751 554 1817 deuotus
604 1754 753 1819 Rob’tus
802 1754 844 1818 de
894 1754 1090 1839 Plompton,
1142 1755 1247 1829 miles,
1299 1753 1514 1818 omnimodas
1568 1728 1631 1776 Dec.
1648 1742 1689 1788 24·

409 1857 617 1921 reuerencias
645 1864 678 1922 et
707 1858 861 1923 honores,
908 1858 963 1922 Ad
991 1879 1085 1942 perp.
1115 1860 1306 1923 cantariam
1334 1858 1378 1921 ad
1406 1858 1514 1921 altare

410 1959 481 2024 S'ce
511 1961 690 2026 Trinitatis
721 1963 756 2025 in
786 1963 913 2026 honore
944 1963 1097 2028 eiusdem
1127 1964 1161 2026 in
1193 1963 1286 2027 dicta
1317 1963 1396 2026 eccl.
1430 1961 1511 2025 Coll.

409 2063 600 2140 fundatam,
626 2086 686 2149 per
709 2071 855 2130 mortem
881 2065 952 2130 d'ni
979 2067 1119 2131 Will'mi
1144 2067 1185 2130 de
1214 2067 1373 2130 Berforth
1401 2065 1514 2129 vltimi

408 2170 573 2252 capellani
593 2170 744 2234 eiusdem
764 2175 948 2234 vacantem
968 2177 1002 2234 et
1023 2171 1068 2234 ad
1087 2171 1381 2255 presentacionem
1401 2190 1513 2233 meam

408 2279 632 2357 spectantem,
661 2274 825 2338 dilectum
851 2275 954 2338 michi
981 2275 1017 2338 in
1045 2295 1113 2358 xpo
1141 2275 1237 2339 d’nm
1264 2274 1390 2338 Will'm
1418 2274 1513 2336 Man-

408 2378 529 2442 chestr'
567 2378 792 2462 capellanum,
831 2378 1017 2443 Cestrensis
1053 2386 1087 2442 et
1125 2378 1388 2443 Lichefeldensis
1424 2378 1511 2442 dioc.

408 2483 504 2546 vobis
544 2488 662 2547 tenore
701 2483 913 2566 presencium
952 2490 1123 2567 presento,
1164 2503 1226 2547 vos
1265 2482 1440 2547 humiliter
1478 2488 1512 2544 et

408 2586 531 2651 deuote
546 2587 699 2672 rogando
712 2587 877 2671 quatinus
891 2588 1039 2652 eundem
1053 2588 1149 2651 d’nm
1163 2587 1291 2652 Will'm
1306 2587 1511 2651 Manchestr’

409 2691 451 2754 ad
469 2679 599 2755 dictam
618 2691 816 2756 Cantariam
835 2691 1029 2767 admittere,
1050 2693 1231 2777 ipsumque
1249 2692 1284 2756 in
1303 2691 1513 2774 corporalem

409 2796 653 2879 possessionem
684 2796 834 2862 eiusdem
865 2818 943 2861 cum
974 2796 1043 2862 suis
1073 2797 1203 2862 iuribus
1234 2803 1268 2860 et
1298 2800 1384 2880 pert.
1417 2795 1511 2860 vniu.

408 2900 595 2976 instituere,
616 2922 656 2965 ac
675 2901 817 2966 vlterius
835 2902 958 2985 exequi
977 2901 1071 2985 quod
1090 2902 1189 2965 vobis
1207 2901 1375 2965 incumbit
1394 2900 1429 2963 in
1448 2900 1513 2963 hac

408 3011 504 3087 parte
525 3005 712 3089 dignemini
733 3005 863 3070 intuitu
885 3006 1050 3069 caritatis.
1099 3006 1140 3069 In
1161 3006 1257 3070 cuius
1279 3006 1326 3068 rei
1348 3011 1426 3068 test.
1450 3004 1510 3087 sig.

408 3214 486 3279 Dec.
503 3215 606 3279 Anno
625 3215 705 3278 D’ni
725 3214 866 3278 Mill'mo
885 3229 1003 3278 ccccmo
1021 3214 1163 3278 decimo

410 3405 494 3489 (236)
532 3406 712 3470 Aunrssro
746 3406 873 3470 Wrrc'r
910 3404 1075 3469 Lnscnor
1110 3421 1158 3468 nn
1195 3404 1425 3468 Pnassrnonn
1462 3422 1510 3468 or

449 3510 633 3575 Nunwrrr.

491 3663 669 3739 HenricuS,
698 3664 917 3747 permissione
947 3663 1066 3728 diuina
1096 3664 1283 3728 Eboracen.
1308 3664 1509 3748 Archiep'us
1524 3671 1593 3735 Abp.
1616 3673 1720 3721 Bowet·

406 3768 502 3853 Angl.
533 3768 664 3833 Primas
692 3774 727 3833 et
755 3769 899 3852 appl’ice
927 3768 1016 3832 sedis
1044 3768 1187 3852 legatus
1216 3768 1348 3832 dilectis
1376 3769 1411 3831 in
1439 3790 1509 3853 xpo

405 3872 480 3937 filiis
503 3872 662 3957 Capitulo
686 3873 799 3937 eccl'ie
822 3873 894 3937 n're
918 3872 1041 3957 Colleg.
1064 3871 1200 3955 Ripon',
1218 3871 1375 3946 salutem,
1400 3874 1509 3957 gr'am

404 3982 438 4040 et
460 3976 746 4042 benediccionem.
805 3977 893 4061 Quia
916 3997 989 4052 nos,
1011 3980 1087 4049 etc,
1108 3996 1187 4040 cum
1210 3976 1275 4039 hac
1298 3976 1450 4041 clausula
1474 3978 1509 4041 in

403 4080 478 4157 fine,
511 4082 646 4146 faciatis
679 4080 822 4145 vlterius
856 4086 890 4145 et
925 4080 1143 4164 exequamini
1177 4080 1211 4142 in
1246 4080 1310 4144 hac
1344 4087 1443 4163 parte
1474 4083 1506 4146 in

403 4186 560 4251 omnibus
576 4185 669 4270 quod
686 4191 737 4250 est
753 4191 917 4249 vestrum.
954 4185 1049 4259 Dat,
1063 4188 1127 4248 ete.
1148 4182 1204 4265 (So
1221 4183 1347 4246 entered
1361 4183 1400 4247 in
1412 4185 1455 4247 M
1455 4184 1505 4267 S.)

489 4339 588 4405 Istud
616 4339 821 4404 mandatum
849 4339 915 4404 fuit
942 4341 1179 4422 presentatum
1208 4336 1367 4419 Capitulo
1395 4338 1506 4421 primo
1584 4371 1657 4417 1411,

404 4443 456 4507 die
477 4444 602 4508 mensis
622 4443 748 4527 Aprilis
769 4442 869 4507 Anno
891 4442 972 4506 D’ni
995 4439 1148 4503 Mill'imo
1169 4440 1506 4524 quadringentesimo
1569 4425 1633 4487 Aps.
1652 4438 1672 4471 ¹·

402 4548 591 4612 vndecim0.
639 4549 685 4612 Et
701 4546 821 4610 eodem
836 4546 891 4609 die
904 4546 969 4610 fuit
983 4542 1152 4607 admissus
1165 4563 1225 4626 per
1236 4548 1504 4627 procuratorem,

403 4670 502 4735 super
529 4672 598 4736 qua
627 4650 831 4715 admissione
860 4649 982 4714 habuit
1011 4645 1303 4730 literas.capituli
1332 4647 1366 4709 in
1395 4646 1506 4713 forma

403 4762 503 4847 prout
521 4756 686 4840 sequitur.

579 4888 612 4932 11
