3950 5625
280 4550 384 4609 14667,

267 4615 333 4665 Feb.
349 4618 390 4667 26.

268 4682 339 4747 Abp.
360 4684 394 4735 G.

279 4748 384 4803 Nevile.

441 708 505 777 228
726 713 805 778 Tns
830 714 986 778 Inonm’
1011 713 1258 778 Manoscmrr.

441 891 629 955 necessaria
651 892 779 957 fuerint
800 893 855 956 vel
876 893 984 959 eciam
1007 897 1190 976 oportuna,
1211 891 1320 956 Vobis
1340 888 1546 955 coniunctim

442 1002 477 1057 et
497 994 633 1061 diuisim
654 1003 771 1061 tenore
790 997 1003 1081 presencium
1023 997 1274 1061 committimus
1292 996 1386 1059 vices
1404 1001 1546 1069 nostras

443 1119 522 1163 cum
538 1101 719 1164 cuiuslibet
736 1101 945 1166 cohercionis
960 1101 1123 1166 canonice
1140 1105 1325 1184 potestate.
1374 1099 1417 1164 In
1433 1119 1463 1164 e.
1481 1119 1506 1163 r.
1523 1104 1546 1161 t.

443 1203 590 1287 sigillum
613 1211 768 1269 nostrum
793 1206 1010 1290 presentibus
1032 1205 1265 1289 apposuimus.
1332 1204 1415 1268 Dat.
1440 1204 1476 1267 in
1497 1202 1547 1266 do.

444 1309 517 1372 n'ra
538 1309 726 1393 Capitulari
748 1310 873 1394 Ripon’
895 1309 1100 1374 duodecimo
1124 1310 1179 1374 die
1201 1309 1327 1372 mensis
1349 1308 1430 1391 Maij
1453 1308 1550 1372 Anno

444 1412 525 1477 D'ni
542 1413 683 1478 Mill'mo
702 1428 819 1479 ecce¹¹¹0
837 1415 1049 1498 sexagesimo
1067 1421 1203 1499 quarto,

445 1580 533 1663 (324)
573 1580 818 1663 (Protestation
849 1581 885 1645 of
915 1580 1087 1645 residence
1118 1586 1156 1644 to
1185 1581 1229 1644 be
1260 1580 1344 1663 kept
1379 1579 1428 1662 by
1463 1578 1550 1662 John

486 1684 696 1765 Southwell).

532 1828 572 1892 In
598 1827 662 1892 Dei
687 1829 836 1905 nomine,
861 1829 982 1893 Amen.
1039 1827 1173 1902 Coram,
1199 1833 1267 1901 etc„
1292 1846 1331 1891 as
1355 1826 1394 1890 in-
1419 1826 1485 1890 No.
1510 1844 1549 1906 3;

444 1932 517 1997 Isto
539 1932 627 1996 testo
648 1933 939 1997 Annuneiaeionis
960 1934 1062 1997 beate
1084 1932 1190 1996 Marte
1212 1931 1371 2016 Virginis,
1395 1929 1550 1995 videlicet

442 2037 604 2101 vicesimo
627 2037 751 2121 quinto
774 2037 829 2101 die
855 2037 980 2101 mensis
1008 2037 1139 2120 Marcii,
1165 2035 1349 2120 incipiente
1374 2055 1469 2100 anno
1494 2035 1551 2099 Doi

444 2138 523 2204 M'¹“o
541 2162 618 2205 ecee
636 2142 847 2226 sexagesimo
865 2141 999 2226 quinto.

521 2308 609 2389 (325)
638 2306 814 2387 (Mandate
840 2311 877 2371 to
900 2306 1020 2371 induet
1044 2306 1107 2372 ΜΓ.
1133 2306 1225 2389 John
1250 2304 1478 2387 Pakenham).

529 2448 693 2534 Georgius
716 2501 722 2514 .
748 2501 753 2514 .
780 2464 799 2513 .¹
822 2449 911 2534 Quia
931 2470 995 2513 nos
1015 2449 1265 2514 Canonieatum
1286 2454 1321 2512 et
1342 2447 1554 2532 prebendam

310 2604 329 2654 p
442 2554 484 2618 de
500 2554 656 2618 Sharrow
671 2554 706 2618 in
721 2554 815 2618 dieta
830 2560 948 2617 nostra
964 2554 1043 2618 ecel.
1060 2553 1184 2637 Colleg.
1202 2553 1317 2636 Ripon
1332 2572 1393 2636 per
1407 2560 1555 2617 mortem

442 2659 513 2723 d'ni
536 2657 653 2722 Rob’ti
678 2659 831 2743 Baguley
855 2711 861 2723 .
887 2711 894 2723 .
920 2669 941 2723 ‚¹
966 2658 1053 2722 M'ro
1074 2657 1226 2740 Johanni
1249 2657 1454 2722 Pakenham
1475 2657 1553 2722 ecel.

441 2768 557 2828 nostre
589 2747 691 2827 Ebot.
725 2762 951 2828 Thesaurario
982 2762 1192 2828 contulimus
1224 2761 1354 2827 intuitu
1385 2762 1554 2838 caritatis,

441 2868 621 2951 ipsumque
644 2868 848 2932 canonicum
871 2874 906 2931 et
930 2867 1195 2951 prebendarium
1219 2867 1392 2931 dictorum
1415 2867 1555 2932 eanoni-

440 2978 539 3035 catus
559 2977 594 3035 et
615 2972 788 3055 prebende
809 2972 1068 3036 investituimus
1088 2978 1122 3035 et
1144 2970 1402 3036 investituimus
1425 2971 1498 3056 (sie)
1521 2972 1556 3036 in

441 3081 476 3139 et
496 3075 538 3139 de
557 3075 698 3150 eisdem,
716 3076 815 3139 vobis
835 3076 1041 3141 mandamus
1059 3075 1224 3160 quatinus
1243 3076 1295 3157 (79
1305 3077 1352 3159 v.)
1373 3075 1467 3139 eirea
1482 3096 1556 3160 pre

444 3180 556 3245 fatum
592 3179 761 3265 Mag'rum
796 3179 933 3263 Joh'em
968 3180 1169 3244 Pakenham
1202 3199 1263 3244 seu
1296 3185 1556 3263 procuratorem

442 3305 543 3349 suurn
562 3284 633 3349 eius
651 3284 789 3349 nomine
807 3284 951 3349 vlterius
969 3283 1188 3368 exequamini
1206 3284 1241 3348 in
1260 3284 1325 3349 hae
1342 3290 1444 3368 parte
1461 3284 1556 3369 quod

441 3395 493 3453 est
517 3395 682 3453 vestrum.
730 3388 811 3453 Dat.
837 3394 956 3453 nostro
980 3390 1044 3453 sub
1068 3388 1177 3473 sigillo
1200 3408 1270 3473 quo
1294 3388 1346 3451 vti
1369 3408 1556 3454 eonsueue

441 3494 547 3557 rimus
567 3493 650 3557 dum
670 3492 782 3557 eeel'ie
802 3493 890 3557 Cath
923 3493 1033 3558 Exon.
1054 3492 1328 3557 ministrauimus
1346 3492 1382 3557 in
1401 3492 1556 3557 Manerio

441 3602 560 3661 nostro
579 3596 621 3659 de
641 3596 671 3659 le
692 3596 784 3660 More
803 3596 903 3660 iuxta
923 3597 1266 3680 Riekemaynsworth
1287 3596 1444 3662 Lineoln.
1465 3598 1554 3662 dioc.

443 3701 575 3765 decimo
597 3706 722 3764 octauo
743 3700 797 3764 die
819 3701 944 3765 mensis
969 3701 1052 3784 Julij
1077 3701 1178 3765 Anno
1200 3701 1282 3765 D'ni
1304 3700 1422 3764 Mill'io
1445 3703 1556 3785 quad·

442 3805 685 3890 ringentesimo
705 3805 916 3889 sexagesimo
936 3810 984 3869 v‘0
1005 3812 1040 3869 et
1063 3812 1179 3869 nostre
1201 3804 1440 3870 translacionis
1462 3826 1556 3870 anno

443 3909 564 3994 primo,

444 4053 449 4066 ·
532 4038 673 4103 Presens
718 4037 923 4102 mandatum
970 4045 1043 4103 erat
1089 4044 1326 4123 presentatum
1373 4044 1407 4101 et
1454 4037 1555 4122 plene

443 4149 626 4208 executum
646 4142 680 4205 in
699 4141 803 4205 domo
825 4142 984 4226 Capitulo
1005 4146 1101 4206 xirvta
1120 4143 1175 4206 die
1194 4142 1321 4206 mensis
1343 4141 1425 4225 Julij
1449 4142 1554 4207 Anno

444 4247 524 4311 D'ni
544 4246 661 4310 Mill'io
680 4256 794 4310 ccccm⁰
813 4246 907 4312 1wi.

549 4412 636 4496 (326)
667 4411 842 4493 (Mandate
866 4419 903 4477 to
926 4411 1046 4477 induet
1070 4413 1132 4478 Mr.
1157 4413 1250 4496 John
1274 4412 1452 4496 Shirwod).

532 4554 696 4639 Georgius
717 4606 724 4619 .
747 4605 754 4619 .
777 4564 800 4619 ‚¹
821 4554 910 4639 Quia
929 4575 991 4619 nos
1011 4554 1259 4619 canonicatum
1279 4555 1314 4618 in
1334 4554 1412 4619 ecel.
1434 4559 1551 4618 nostra

445 4658 630 4744 Collegiata
657 4658 781 4742 Ripon'
809 4658 985 4723 antedicta
1011 4666 1045 4723 et
1071 4657 1282 4743 prebendam
1308 4657 1351 4722 de
1375 4658 1491 4743 Thorp
1516 4658 1550 4721 in

516 4814 524 4837 ¹
544 4810 631 4863 Usual
643 4810 723 4861 torm.
