3950 5625
707 710 801 775 Acrs
825 729 870 776 or
893 710 1072 776 Cunnum.
1382 706 1443 791 187

339 891 424 974 (283)
449 890 648 973 (Induction
668 896 705 955 to
725 892 784 955 the
804 890 963 974 Canonry
983 891 1052 955 and
1073 890 1228 954 Prebend
1247 890 1283 953 of
1301 889 1441 971 Thorp).

422 1020 621 1105 Capitulum
653 1073 659 1085 .
694 1072 700 1085 .
734 1072 740 1084 .
773 1020 902 1104 Mag’ro
932 1019 1045 1084 Will’o
1075 1017 1169 1101 Gray
1198 1039 1291 1082 sacre
1321 1017 1443 1101 pagine
1509 1032 1612 1089 1447-8,

336 1125 515 1208 professori
534 1177 540 1189 .
562 1177 568 1190 .
588 1124 632 1188 ad
650 1124 732 1191 Can.
750 1130 786 1188 et
803 1145 852 1208 pr.
872 1123 914 1187 de
931 1123 1056 1207 Thorp.
1094 1128 1311 1188 ..vacantes
1328 1128 1362 1185 et
1380 1121 1444 1185 tibi
1494 1096 1508 1159 J

338 1281 344 1292 .
383 1281 389 1293 .
426 1229 571 1293 collatos
607 1228 643 1292 in
678 1249 859 1313 personam
895 1227 1032 1291 discreti
1068 1227 1132 1291 viri
1169 1226 1288 1311 Mag'ri
1325 1225 1444 1289 Rob’ti

335 1333 503 1397 Thwartis
517 1334 747 1417 procuratoris
762 1333 813 1397 tui
829 1385 835 1396 .
854 1385 859 1396 .
876 1331 1086 1407 induximus,
1102 1338 1169 1406 etc„
1185 1331 1274 1395 asin
1287 1331 1351 1395 No.
1368 1347 1441 1413 273.

1513 1111 1557 1145 an.
1577 1110 1614 1158 13.

338 1486 423 1568 (284)
471 1485 651 1550 Annrssm
696 1502 937 1550 venenosius
982 1503 1057 1549 vim
1104 1485 1236 1549 Mno’m
1282 1485 1440 1563 oroneo

378 1590 520 1654 Novus
544 1607 594 1654 no
618 1608 722 1655 enee.
749 1608 797 1654 nu
821 1591 980 1654 Tirones.

421 1720 620 1803 Capitulum
636 1772 641 1784 .
659 1772 665 1784 .
682 1720 811 1804 Mag’ro
824 1719 968 1804 Georgio
982 1718 1102 1782 Nevile
1115 1720 1226 1784 Oxon.
1241 1719 1442 1783 cancellario
1520 1755 1593 1802 ¹454,

337 1874 343 1887 .
360 1876 366 1888 .
385 1876 390 1888 .
408 1824 452 1888 ad
467 1824 548 1889 Can.
565 1831 600 1888 et
615 1825 668 1888 Pr.
685 1825 727 1888 de
741 1824 857 1907 Thorp
873 1875 879 1887 .
898 1875 904 1888 .
920 1829 1085 1886 vacantes
1099 1830 1133 1887 et
1149 1823 1211 1887 tibi
1229 1876 1234 1888 .
1253 1876 1259 1888 .
1278 1876 1283 1887 .
1300 1824 1442 1887 collatos
1499 1808 1568 1871 Aug.
1582 1823 1608 1868 4·

335 1929 368 1992 in
383 1950 565 2013 personam
580 1929 678 1993 discr.
695 1928 759 1992 viri
774 1928 894 2012 Mag’ri
907 1927 1012 1991 Will’i
1026 1928 1199 2011 Lampton
1213 1928 1443 2012 procuratoris

336 2033 384 2096 tui
404 2085 411 2098 .
434 2085 440 2098 .
461 2033 669 2108 induximus,
689 2039 756 2107 etc„
776 2053 813 2096 as
830 2032 868 2096 in
887 2033 953 2096 No.
974 2050 1048 2115 273.

333 2193 381 2273 69.
584 2187 671 2270 (285)
701 2186 791 2269 (Will
815 2188 850 2251 of
873 2187 1023 2251 William
1047 2187 1196 2269 Cawod).

422 2317 462 2381 In
488 2316 551 2380 Dei
575 2316 722 2391 nomine,
748 2315 868 2380 Amen.
916 2317 990 2400 Ego
1014 2316 1159 2380 Will'ms
1182 2317 1317 2392 Cawod,
1342 2338 1442 2381 cano·
1496 2365 1616 2411 1419·²0‚

334 2421 429 2485 nicus
471 2420 691 2484 ecclesiarum
733 2420 947 2484 Cathedralis
989 2420 1083 2484 beati
1126 2420 1218 2485 Petri
1261 2422 1363 2485 Ebor.
1407 2429 1441 2486 et
1504 2418 1568 2466 Feb.
1585 2432 1608 2480 3-

334 2524 517 2609 Collegiate
534 2524 671 2609 Ripon',
691 2525 818 2589 Rector
834 2524 970 2588 ecclesie
990 2509 1193 2608 parochialis
1212 2525 1254 2589 de
1270 2524 1440 2601 Warton,1

335 2628 604 2693 Archidiaconus
634 2628 838 2692 Richmond'
869 2629 972 2693 Ebor.
1004 2628 1103 2704 dioc,
1132 2650 1236 2694 sanus
1264 2636 1379 2694 mente
1407 2635 1441 2694 et
1465 2619 1649 2735 gfetfgfffigsss

337 2754 475 2818 corpore
498 2732 657 2808 existens,
681 2733 957 2818 prospiciensque
979 2740 1014 2797 et
1036 2733 1227 2819 intelligens
1248 2734 1341 2819 quod
1363 2756 1441 2799 cum
1543 2712 1554 2733 ³
1635 2724 1640 2734 ⁸

335 2860 457 2923 corpus
489 2838 583 2923 viget
615 2838 765 2902 sanitate
797 2845 832 2902 et
864 2859 960 2902 mens
992 2860 1052 2922 per
1083 2839 1257 2923 langorem
1289 2861 1357 2904 non
1390 2848 1441 2905 est

334 2942 475 3007 interius
501 2942 678 3026 impedita,
707 2949 789 3007 tunc
814 2944 918 3007 homo
943 2943 1086 3026 pleniori
1111 2944 1222 3008 vtitur
1247 2944 1381 3008 racione
1406 2952 1441 3009 et

299 3110 304 3118 ,
334 3048 453 3111 vltime
484 3047 675 3111 voluntatis
705 3068 765 3111 sue
795 3047 1064 3112 declaracionem
1095 3048 1129 3111 in
1159 3069 1228 3131 qua
1259 3049 1441 3133 tranquille

334 3152 458 3216 mentis
491 3151 636 3215 racionis
669 3172 750 3216 vsus
784 3151 932 3235 exigitur
964 3151 1135 3216 salubrius
1168 3158 1202 3215 et
1235 3152 1441 3235 prudencius

334 3255 470 3320 ordinat
493 3261 528 3319 et
551 3253 712 3338 disponit.
761 3256 807 3319 Et
829 3262 1012 3339 propterea
1035 3256 1118 3319 dum
1140 3256 1250 3320 lucem
1273 3257 1383 3321 habeo
1405 3258 1440 3321 in

333 3359 406 3424 luce
433 3359 609 3434 ambulare
636 3358 842 3435 desiderans
872 3359 913 3423 In
939 3360 1077 3423 nomine
1104 3359 1212 3444 patris
1238 3367 1273 3424 et
1301 3360 1375 3445 Filij
1405 3369 1440 3426 et

333 3463 479 3547 Spiritus
513 3463 641 3538 Sancti,
674 3463 803 3538 Amen;
845 3463 959 3527 animo
991 3464 1159 3528 condendi
1191 3470 1439 3530 testamentum

333 3587 447 3631 meum
458 3588 498 3631 ac
508 3567 616 3631 eciam
626 3567 786 3631 Vltimam
795 3567 1014 3632 voluntatem
1024 3589 1137 3632 meam
1148 3569 1302 3652 apercius
1312 3570 1439 3634 declar·
1466 3558 1517 3607 His
1530 3562 1588 3674 33⁰¹
1604 3565 1634 3611 to

333 3671 423 3746 andi,
444 3671 647 3748 commendo
671 3671 830 3735 miseram
854 3672 1006 3736 animam
1029 3693 1142 3736 meam
1166 3672 1254 3737 illius
1275 3673 1439 3740 immense
1472 3643 1631 3747 Reueiiner.

333 3775 559 3840 misericordie
580 3776 639 3863 qui
661 3775 814 3859 precioso
833 3776 998 3860 sanguine
1019 3797 1081 3840 suo
1103 3777 1364 3843 misericorditer
1384 3799 1439 3843 me
1461 3810 1511 3859 His
1525 3813 1601 3878 body
1614 3821 1645 3865 to

333 3880 486 3955 redemit,
504 3886 538 3943 et
555 3901 677 3963 corpus
697 3901 812 3944 meum
827 3880 990 3945 miserum
1006 3881 1138 3963 sepeliri
1158 3881 1247 3945 intra
1263 3883 1439 3948 ecclesiam
1477 3892 1529 3992 ⁰30
1542 3882 1571 3929 or
1584 3881 1626 3932 his

333 3984 525 4069 aliquorum
538 3984 779 4048 beneficiorum
794 4005 948 4049 meorum
961 3985 996 4047 in
1009 4006 1078 4068 quo
1091 3991 1125 4048 et
1139 3985 1197 4049 ubi
1211 3985 1371 4051 decedere
1383 4009 1438 4051 me
1482 3959 1497 3993 ⁰
1518 3948 1623 3998 urches.

333 4088 517 4172 continget.
565 4088 612 4151 Et
647 4088 675 4151 si
711 4088 890 4173 contingat
926 4109 1049 4171 corpus
1085 4110 1199 4153 meum
1235 4091 1367 4174 sepeliri
1403 4092 1437 4155 in
1464 4062 1639 4192 ᾗξζζρξζᾞο

333 4191 459 4256 Eccl'ia
472 4191 569 4255 Cath.
585 4192 700 4267 Ebor,
715 4198 798 4256 tunc
810 4192 884 4277 lego
897 4193 1037 4256 cuilibet
1049 4193 1213 4257 canonico
1226 4200 1261 4257 et
1273 4195 1437 4260 confratri
1463 4196 1542 4271 those
1551 4202 1642 4276 atten-

332 4295 483 4360 eiusdem
498 4295 577 4359 eccl.
595 4296 697 4360 Ebor.
716 4296 930 4360 interessenti
946 4296 1100 4380 exequiis
1116 4298 1199 4361 meis
1216 4298 1435 4376 funeralibus,
1490 4263 1615 4384 ‘flffisffls

332 4399 395 4482 vjs.
433 4399 529 4484 viijd.
589 4400 635 4463 Et
670 4400 810 4464 cuilibet
845 4421 988 4484 persone
1024 4406 1058 4463 et
1094 4401 1221 4465 vicario
1256 4402 1291 4466 in
1327 4403 1436 4468 Choro

331 4503 482 4568 eiusdem
515 4503 652 4567 ecclesie
685 4504 812 4568 eisdem
845 4503 999 4587 exequijs
1031 4503 1256 4580 interessenti,
1290 4506 1342 4589 ijs.
1390 4509 1436 4571 Et

331 4606 634 4671 cuilibet'diacono
654 4607 759 4672 eiusd.
782 4608 860 4672 eccl.
882 4605 964 4670 eisd.
987 4626 1082 4689 exeq.
1104 4608 1330 4685 interessenti,
1351 4610 1435 4694 xijd.

401 4750 408 4771 ¹
429 4744 461 4791 ln
481 4740 656 4797 Lancashire,
674 4756 709 4789 on
729 4742 903 4790 Morecambe
922 4740 1004 4800 Bay;
1037 4740 1085 4787 the
1101 4742 1179 4791 Dean
1199 4748 1254 4794 and
1272 4746 1393 4807 Chapter
1409 4747 1439 4796 of

331 4808 483 4858 Worcester
498 4823 544 4857 are
558 4821 620 4855 now
633 4808 681 4855 the
694 4808 913 4872 impropriators,
927 4805 983 4852 and
997 4809 1112 4865 patrous
1126 4810 1155 4857 ot
1168 4812 1216 4859 the
1230 4812 1366 4874 vicarage.
