3950 5625
437 690 498 738 122
721 676 799 739 Tira
825 676 980 740 Incursu
1005 677 1251 743 Monoscmrr.

433 860 482 927 54.
522 853 610 935 (193)
648 853 827 918 Aonrssro
863 854 914 918 W.
950 873 998 918 ns
1034 855 1195 921 anooo
1231 874 1279 920 no
1317 877 1544 925 Pnrssanornn

480 974 527 1019 nn
554 956 690 1023 Tnonr.

522 1087 720 1171 Capitulum
745 1090 823 1152 eccl.
850 1089 923 1153 coll.
952 1089 1077 1173 Ripon'
1103 1091 1288 1154 venerabili
1313 1093 1388 1158 viro
1414 1095 1545 1180 Mag'ro

434 1191 547 1255 Will’o
581 1192 622 1256 de
656 1192 835 1268 Cawodde,
871 1194 904 1258 in
938 1194 1069 1278 legibus
1101 1194 1290 1271 licenciam,
1326 1198 1475 1264 salutem
1510 1200 1544 1264 in

433 1297 570 1361 sinceris
592 1298 807 1381 amplexibus
829 1299 1040 1374 Saluatoris;
1066 1300 1341 1384 adprehendam
1363 1303 1405 1367 de
1428 1304 1545 1389 Thorp

432 1402 467 1466 in
498 1402 592 1466 dicta
622 1402 761 1466 ecclesia
792 1409 910 1467 nostra
940 1425 1001 1487 per
1030 1410 1177 1469 mortem
1209 1406 1327 1490 Mag'ri
1359 1407 1470 1489 Joh’is
1502 1409 1544 1473 de

432 1507 584 1590 Clyflord
602 1507 714 1571 vltimi
733 1509 947 1591 prebendarii
965 1509 1117 1573 eiusdem
1135 1517 1329 1585 vacantem,
1348 1518 1382 1575 et
1400 1495 1465 1576 sibi
1484 1534 1544 1597 per

432 1612 658 1676 reuerendum
678 1612 712 1675 in
732 1633 801 1696 xpo
821 1619 955 1696 patrem
975 1619 1010 1676 et
1030 1613 1136 1688 d'nm,
1158 1613 1253 1679 d'nm
1276 1615 1456 1692 Thomam,
1478 1619 1542 1681 Dei

431 1718 545 1801 gracia
590 1718 692 1780 Ebor.
740 1716 1054 1800 Archiepiscopum
1100 1718 1220 1803 Anglie
1265 1720 1461 1802 primatem,
1508 1729 1542 1786 et

432 1822 628 1905 Apostolice
646 1821 735 1884 sedis
754 1820 905 1905 legatum
924 1822 1097 1897 collatam,
1118 1830 1162 1897 te,
1183 1824 1225 1887 de
1243 1825 1340 1888 cuius
1357 1827 1490 1891 meritis
1508 1834 1542 1891 et

432 1926 620 1989 virtutibus
659 1924 825 1989 sinceram
865 1926 899 1989 in
939 1926 1020 1991 d'no
1059 1928 1220 1992 fiduciam
1260 1930 1467 2012 optinemuS,
1508 1933 1541 1996 in

432 2050 612 2114 personam
641 2029 712 2093 d’ni
740 2030 850 2112 Joh'is
878 2030 1131 2116 Walkingham,
1161 2033 1281 2108 clerici,
1311 2037 1542 2117 procuratoris

432 2135 483 2200 tui
525 2135 750 2199 sufficientem
793 2135 827 2199 in
869 2136 934 2199 hac
976 2143 1074 2219 parte
1117 2145 1327 2220 potestatem
1369 2141 1539 2217 habentis

431 2240 659 2313 admittimus
682 2247 784 2323 teque
804 2239 895 2303 dicte
915 2240 1028 2304 eccl’ie
1048 2248 1164 2305 nostre
1184 2243 1365 2326 recipimus
1385 2244 1420 2308 in
1440 2267 1540 2310 cano-

431 2346 546 2411 nicum
565 2351 599 2408 et
618 2345 652 2407 in
671 2345 823 2417 fratrem,
844 2344 1057 2429 assignantes
1076 2347 1139 2409 tibi
1158 2369 1197 2410 ac
1216 2348 1310 2412 dicto
1328 2352 1540 2432 procuratori

432 2458 492 2515 tuo
519 2457 580 2514 tuo
607 2449 743 2512 nomine
770 2448 909 2512 stallum
936 2449 970 2512 in
997 2451 1100 2514 choro
1127 2458 1162 2514 et
1187 2451 1301 2516 locum
1327 2453 1361 2517 in
1388 2455 1541 2538 capitulo

431 2557 521 2620 dicte
554 2553 725 2638 prebende
757 2553 974 2636 pertinentia.
1024 2554 1247 2620 Decemimus
1278 2557 1387 2621 eciam
1419 2564 1455 2621 te
1486 2559 1540 2622 vel

430 2666 687 2745 procuratorem
717 2663 817 2721 tuum
847 2663 908 2721 tuo
938 2658 1076 2722 nomine
1106 2659 1140 2722 in
1170 2661 1381 2744 corporalem
1411 2683 1540 2745 posses-

428 2767 558 2831 sionem
583 2763 688 2848 ipsius
713 2762 884 2847 prebende
909 2783 987 2827 curn
1012 2764 1081 2828 suis
1104 2763 1239 2847 juribus
1263 2771 1297 2829 et
1322 2767 1540 2849 pertinenciis

428 2870 595 2936 vniuersis
638 2868 709 2931 tore
753 2867 935 2931 actualiter
977 2868 1221 2934 inducendum.
1271 2870 1330 2954 ln
1354 2872 1451 2936 cuius
1494 2873 1540 2937 rei

429 2975 665 3041 testimonium
685 2972 832 3056 sigillum
852 2978 1010 3036 nostrum
1029 2974 1246 3055 presentibus
1265 2982 1316 3038 est
1337 2996 1537 3059 appensum.

429 3083 509 3146 Dat.
533 3078 657 3162 Ripon'
678 3077 783 3140 tercio
803 3077 857 3140 die
876 3076 1001 3140 mensis
1020 3077 1157 3159 Aprilis,
1177 3078 1279 3143 Anno
1299 3079 1379 3143 D'ni
1399 3080 1540 3144 Mill'mo

428 3200 528 3252 ccc¹1¹0
546 3182 776 3267 Nonagesimo
796 3182 911 3245 tercio.

431 3357 518 3439 (194)
551 3352 730 3415 Annissm
761 3348 837 3412 o'nr
869 3348 988 3430 Jon’rs
1019 3350 1125 3412 Dran
1156 3366 1205 3412 no
1236 3367 1461 3415 rnrssnnornr
1493 3369 1538 3415 or

472 3461 783 3524 Srnrnnwrocss.

280 3602 353 3665 ¹397,
516 3584 714 3671 Capitulum
733 3583 812 3646 eccl.
832 3583 906 3647 coll.
927 3583 1021 3647 beati
1040 3583 1147 3647 Wilfr.
1170 3584 1307 3667 Rypon'
1328 3586 1431 3649 Ebor.
1452 3586 1537 3650 dioc.

261 3655 384 3794 {pulpa
430 3714 504 3757 ven.
522 3692 595 3755 viro
610 3694 644 3752 et
659 3686 806 3750 discreto
821 3686 902 3750 d’no
917 3686 1010 3768 Joh'i
1026 3689 1131 3762 Deen‚
1147 3689 1312 3753 canonico
1327 3696 1361 3753 et
1376 3691 1540 3755 confratri

261 3761 414 3877 diaiiii
428 3803 556 3871 nostro,
603 3792 750 3857 salutern
795 3790 830 3854 iu
875 3791 1030 3856 omnium
1076 3793 1264 3857 Saluatore.
1335 3793 1540 3859 Mandatum

429 3900 604 3967 reuerendi
646 3897 710 3961 viri
753 3896 871 3981 Mag'ri
914 3897 1017 3961 Will’i
1059 3897 1101 3961 de
1143 3897 1292 3962 Cawodd
1334 3899 1368 3962 in
1410 3899 1541 3984 legibus

428 4005 608 4080 licenciati,
629 4001 791 4067 Canonici
816 4001 894 4065 eccl.
920 4001 1002 4066 Coll.
1024 4002 1174 4085 Rypon’,
1195 4002 1388 4067 Reuerendi
1413 4004 1447 4067 in
1471 4024 1540 4088 xpo

281 4120 351 4182 nop.
429 4111 536 4195 patris
570 4114 604 4172 et
638 4106 720 4180 d’ni,
755 4105 826 4169 d’ni
863 4106 981 4169 Rob’ti
1016 4106 1079 4169 Dei
1113 4127 1183 4190 gra.
1219 4107 1322 4170 Ebor.
1355 4107 1538 4191 Archiep'i,

261 4186 380 4248 Waldby.
428 4215 548 4300 Anglie
565 4210 736 4284 primatis,
755 4216 789 4272 et
806 4210 993 4293 apostolice
1012 4210 1101 4275 sedis
1119 4211 1223 4295 legati
1246 4211 1280 4274 in
1303 4212 1540 4294 spiritualibus

428 4319 546 4384 vicarii
567 4314 732 4402 generalis
754 4314 788 4377 in
811 4314 872 4377 hec
895 4316 1001 4378 verba
1023 4314 1220 4397 recepimus.

261 4446 385 4564 333731·
517 4446 685 4512 Will'mus
701 4444 743 4508 de
759 4442 908 4507 Cawodd
924 4443 958 4506 in
975 4443 1105 4526 legibus
1121 4443 1330 4518 licenciatus,
1348 4444 1540 4508 Canonicus

261 4581 360 4630 audate
375 4584 404 4627 to
428 4554 507 4619 eccl.
534 4551 614 4616 Coll.
642 4547 791 4632 Rypon',
817 4547 993 4611 reuerendi
1018 4547 1052 4610 in
1076 4568 1145 4630 xpo
1169 4548 1277 4630 patris
1301 4555 1335 4612 et
1360 4549 1442 4623 d'ni,
1468 4548 1539 4612 d'ni

264 4648 369 4702 induet,
429 4656 572 4723 Roberti
593 4654 672 4738 dg.
689 4652 792 4716 Ebor.
812 4651 959 4735 archiep.
982 4651 1081 4735 Angl.
1101 4672 1150 4734 pr.
1174 4658 1207 4715 et
1226 4673 1280 4735 ap.
1300 4652 1389 4715 sedis
1407 4653 1481 4737 leg.,
1504 4652 1537 4716 in

261 4714 388 4775 ssoedby
472 4764 506 4775 ,,
589 4760 594 4771 ,
701 4756 777 4767 ,.
972 4755 977 4765 .
1175 4755 1205 4766 ..
1312 4757 1347 4767 ..
1455 4757 1459 4767 .

261 4783 291 4830 ne
304 4780 386 4830 Vicat
428 4760 663 4850 spmtualrbus
674 4776 822 4821 vicanus
832 4755 1008 4841 generalis
1022 4755 1274 4821 venerabrhbus
1286 4778 1367 4821 vrrrs
1379 4756 1538 4840 Capitulo

261 4847 378 4901 senerai.
