3950 5625
776 705 870 773 Acrs
893 726 938 772 or
962 705 1141 775 Carmen.
1451 727 1512 794 135

404 906 465 951 seu
487 886 756 970 possessionibus
777 886 1015 972 impignorare,
1039 887 1195 963 vendere,
1219 909 1278 953 seu
1300 888 1424 973 quouis
1446 890 1512 954 alio
1525 891 1727 956 Theonaplain

403 1011 623 1074 quocumque
647 991 751 1055 titulo
773 991 828 1054 vel
852 991 987 1076 ingenio
1011 993 1254 1077 presumpserit
1279 999 1399 1057 contra
1423 993 1511 1058 ordi·
1563 963 1684 1077 diffie

405 1095 585 1160 nacionem
598 1094 842 1179 supradictam,
857 1096 1022 1180 quicquid
1035 1097 1070 1186 in
1083 1097 1148 1161 hac
1161 1103 1259 1181 parte
1272 1104 1511 1182 presumptum
1552 1093 1692 1210 gglythiflss

406 1199 508 1263 fuerit
532 1199 667 1264 irritum
690 1200 861 1264 habeatur
883 1206 918 1264 et
941 1191 1112 1276 inaneset
1136 1201 1229 1265 omni
1252 1208 1368 1266 careat
1391 1202 1511 1266 robore
1582 1173 1699 1276 tilii?

406 1301 589 1367 firmitatis.
638 1303 782 1387 Insuper
799 1303 943 1387 quilibet
962 1303 1165 1388 Capellanus
1184 1304 1219 1368 in
1238 1305 1331 1369 dicta
1349 1305 1511 1370 Cantaria
1561 1296 1689 1356 chantry.

407 1406 638 1471 instituendus
659 1413 813 1490 tempore
834 1407 1064 1472 institucionis
1084 1429 1144 1472 sue
1165 1409 1360 1473 huiusmodi
1381 1417 1510 1494 prestet
1548 1385 1708 1516 Chfflnq

406 1511 450 1574 ad
482 1517 603 1575 sancta
634 1511 698 1575 Dei
731 1512 918 1597 Euangelia
950 1512 1181 1577 iuramentum
1213 1515 1386 1597 corporale
1417 1514 1512 1599 quod
1587 1520 1663 1568 oatn.

407 1615 522 1678 omnia
534 1620 569 1678 et
582 1614 714 1699 singula
729 1615 764 1678 in
779 1615 928 1698 presenti
941 1614 1158 1681 ordinacione
1170 1624 1344 1695 contenta,
1359 1627 1513 1683 cessante

407 1719 653 1802 impedimento
695 1718 856 1803 legitimo,
900 1719 1046 1783 fideliter
1087 1722 1285 1786 obseruabit
1327 1729 1362 1786 et
1404 1724 1513 1787 eciam

407 1823 619 1907 adimplebit.
667 1823 713 1887 Et
748 1823 861 1887 dictus
896 1823 971 1886 d'ns
1007 1823 1125 1905 Joh'es
1160 1825 1262 1909 Clynt
1298 1833 1332 1890 et
1367 1827 1512 1911 quilibet
1551 1843 1697 1906 (thargeor

406 1947 578 1991 successor
615 1927 686 1991 eius
724 1927 927 2011 Capellanus
965 1926 1124 1992 Cantarie
1162 1930 1314 2013 predicte
1352 1931 1411 2015 qui
1450 1953 1512 2016 pro
1546 1924 1705 2026 (ἷζῄἔξῇζ

409 2038 561 2116 tempore
578 2030 680 2095 fuerit
697 2031 807 2095 soluet
824 2030 963 2115 singulis
981 2033 1079 2095 annis
1096 2034 1195 2097 nobis
1212 2041 1246 2098 et
1263 2036 1512 2101 successoribus
1552 2044 1661 2092 Church
1674 2043 1703 2091 or

408 2137 532 2200 nostris
550 2137 585 2200 in
604 2135 955 2219 recompensacionem
973 2135 1109 2200 lesionis
1128 2143 1162 2201 et
1181 2159 1242 2221 pro
1260 2138 1512 2222 indempnitate
1609 2110 1660 2158 Οτι(

409 2241 544 2305 ecclesie
565 2246 680 2305 nostre
702 2240 804 2304 Ebor.
828 2260 890 2323 pro
911 2240 1013 2304 certis
1035 2241 1219 2326 Mesuagijs
1241 2242 1332 2306 dicte
1354 2242 1513 2307 Cantarie

409 2345 573 2410 concessis
600 2365 666 2435 que
693 2344 736 2408 de
762 2343 860 2408 nobis
888 2349 1060 2419 tenentur,
1088 2345 1175 2410 duos
1201 2346 1327 2410 solidos
1354 2346 1398 2411 ad
1426 2347 1518 2420 festa¹

410 2451 601 2514 Pentecost.
635 2455 670 2512 et
702 2448 768 2512 S'ci
801 2449 940 2513 Martini
972 2469 1033 2532 per
1064 2451 1201 2534 equales
1234 2451 1420 2534 porciones,
1468 2452 1514 2516 Et
1554 2459 1619 2532 Anu.
1630 2457 1709 2506 usual

409 2560 521 2638 preter
564 2554 629 2617 hoc
673 2553 776 2616 faciet
820 2552 899 2617 inde
944 2554 1124 2618 annuatim
1169 2555 1382 2639 Capitalibus
1427 2556 1515 2620 d'nis
1536 2528 1723 2654 &diffidis

409 2658 593 2722 feodorum
611 2656 746 2721 illorum
771 2657 887 2721 omnia
912 2657 979 2721 alia
1004 2658 1147 2721 seruicia
1172 2657 1290 2722 debita
1316 2665 1350 2723 et
1376 2659 1418 2722 de
1444 2660 1515 2725 iure
1576 2658 1605 2706 ⁰1
1619 2658 1682 2706 sees.

409 2769 581 2828 consueta.
629 2761 727 2826 Vnde
759 2781 821 2825 nos
854 2761 1031 2843 Johannes
1063 2761 1265 2847 Archiep'us
1297 2764 1516 2849 supradictus

409 2868 579 2933 laudabile
608 2867 824 2952 propositum
853 2866 919 2930 d'ci
949 2866 1020 2930 d'ni
1051 2867 1166 2931 Dauid
1195 2868 1230 2932 in
1261 2869 1409 2933 Domino
1438 2891 1517 2934 con·
1544 2884 1718 2960 arclrbrsnop

410 2963 626 3058 templanteS,
649 2993 689 3036 ac
709 2972 863 3035 volentes
883 2992 923 3035 ea
943 2992 1010 3055 que
1030 2971 1138 3035 diuini
1159 2972 1273 3036 cultus
1293 2980 1518 3057 augmentum
1566 2950 1704 3081 {ffioffivlg

410 3083 443 3141 et
470 3078 618 3142 salutem
646 3076 832 3159 respiciunt
861 3076 1065 3150 animarum,
1095 3076 1211 3159 pronis
1239 3076 1413 3141 desideriis
1442 3099 1518 3161 pro-

410 3201 556 3256 mouere,
575 3180 737 3264 inspectis
754 3186 851 3244 carta
868 3179 951 3243 dicti
969 3179 1041 3243 d'ni
1060 3180 1175 3244 Dauid
1192 3186 1226 3243 et
1244 3178 1385 3248 licenola
1402 3182 1436 3245 in
1454 3183 1518 3246 hac

409 3293 506 3369 parte
527 3285 666 3359 habitis,
689 3305 730 3348 ac
751 3284 825 3348 aliis
847 3289 882 3347 et
903 3283 1044 3368 singulis
1066 3283 1101 3347 in
1123 3284 1342 3348 ordinacione
1364 3285 1519 3367 predicta

408 3390 589 3466 contentis
611 3410 713 3473 super
732 3389 858 3473 quibus
878 3388 1038 3452 omnibus
1057 3389 1178 3452 habita
1199 3409 1278 3452 cum
1298 3388 1380 3452 iuris
1400 3389 1518 3473 peritis

342 3551 344 3553 ,
409 3494 654 3559 deliberacione
692 3499 839 3568 matura,
878 3492 1057 3576 causisque
1095 3493 1129 3556 in
1167 3492 1261 3556 dicta
1298 3493 1516 3559 ordinacione

409 3599 566 3664 discussis
597 3605 632 3662 et
663 3598 778 3662 debite
809 3597 1018 3681 ponderatis,
1051 3617 1237 3681 eorumque
1268 3598 1450 3662 voluntate
1481 3605 1515 3663 et

408 3724 546 3767 assensu
580 3723 727 3787 quorum
761 3701 797 3766 in
831 3701 895 3765 hoc
929 3721 1011 3765 casu
1045 3701 1187 3764 interest
1221 3702 1513 3779 concurrentibus,

408 3806 536 3872 dictam
569 3807 767 3871 Cantariam
800 3812 834 3869 et
868 3805 939 3869 eius
972 3804 1227 3869 ordinacionem
1260 3826 1300 3868 ac
1332 3806 1447 3870 omnia
1480 3814 1515 3870 et

407 3911 538 3997 singula
565 3912 601 3975 in
629 3911 703 3995 ipsa
731 3909 947 3974 ordinacione
976 3915 1150 3984 contenta,
1180 3915 1351 3993 quantum
1380 3910 1424 3973 ad
1452 3931 1515 3974 nos

408 4016 543 4092 attinet,
560 4022 789 4099 acceptamus,
805 4021 839 4078 et
853 4035 893 4078 ea
906 4014 1022 4077 omnia
1036 4019 1070 4076 et
1084 4013 1227 4097 singula,
1243 4019 1345 4097 prout
1359 4015 1514 4097 superius

407 4122 605 4196 recitantur,
637 4120 707 4184 fieri
739 4126 773 4183 et
804 4124 971 4203 perpetuo
1002 4118 1036 4181 in
1067 4118 1136 4181 suis
1166 4117 1297 4181 viribus
1327 4119 1512 4194 obseruari,

406 4225 601 4300 statuimus,
625 4224 847 4298 decernimus,
871 4228 905 4286 et
932 4222 1129 4296 diffinimus
1156 4241 1263 4305 eaque
1291 4221 1511 4297 ratificamus

407 4330 648 4414 approbamus
689 4334 723 4391 et
763 4327 970 4392 auctoritate
1010 4331 1128 4388 nostra
1167 4324 1355 4408 pontificali
1394 4332 1513 4389 tenore

407 4434 618 4517 presencium
647 4431 911 4506 confinnamus;
937 4428 1041 4493 Saluo
1070 4428 1169 4491 nobis
1198 4435 1233 4492 et
1262 4429 1512 4494 successoribus
1526 4442 1724 4519 andeonfirms,

407 4538 530 4602 nostris
549 4538 583 4601 in
603 4535 956 4618 recompensacionem
974 4530 1109 4594 lesionis
1128 4537 1162 4593 et
1181 4552 1242 4614 pro
1260 4531 1512 4615 indempnitate
1526 4509 1725 4639 insselssffiffftywof

408 4643 542 4706 ecclesie
573 4646 688 4705 nostre
722 4639 825 4702 Ebor.
855 4633 1051 4720 supradicte
1082 4655 1197 4699 annuo
1231 4655 1334 4699 censu
1365 4635 1512 4700 duorum
1527 4653 1564 4687 28-
1577 4644 1607 4690 to
1616 4643 1725 4692 Church

349 4788 352 4790 -
408 4746 591 4811 solidorum
629 4743 720 4807 vltra
757 4741 940 4825 antiquum
978 4734 1151 4801 redditum
1191 4738 1252 4823 (58)
1297 4745 1332 4801 et
1369 4739 1512 4804 seruicia
1561 4707 1590 4755 Οἱ
1603 4708 1688 4766 York,
