3950 5625
773 697 867 762 Acrs
892 714 936 761 or
959 696 1139 761 Cunrran.
1451 711 1512 776 153

402 884 439 946 61
456 902 486 945 v.
541 877 627 960 (224)
672 876 851 940 Aourssro
905 876 1081 940 Maorsrnr
1134 875 1276 939 Srupn'r
1325 875 1513 939 Luscnoes

446 997 496 1045 Ar>
528 982 758 1045 Pnaauunan
784 997 832 1044 or
857 981 1061 1045 Sruurrnr.

492 1122 671 1197 Ricardus‚
698 1143 803 1206 perm.
831 1122 900 1186 diu.
928 1123 1030 1186 Ebor.
1057 1122 1158 1186 Arch.
1185 1121 1283 1206 Angl.
1310 1144 1360 1206 pr.
1387 1128 1421 1186 et
1446 1122 1510 1207 Ap.
1589 1145 1680 1205 1401„

405 1227 473 1291 sed.
495 1227 639 1311 legatus,
660 1225 717 1290 dil.
739 1225 783 1289 fil.
806 1225 886 1309 Cap.
909 1226 987 1290 eccl.
1009 1231 1124 1289 nostre
1144 1225 1225 1290 Coll.
1248 1226 1338 1310 Rip,
1359 1248 1406 1290 sa.
1428 1247 1510 1311 gra,
1526 1199 1704 1329 Alffi'vs'cssgg,

405 1337 439 1395 et
456 1333 533 1396 ben.
585 1331 674 1415 Quia
685 1350 747 1395 nos
760 1330 1009 1394 Canonicatum
1022 1336 1057 1393 et
1069 1330 1279 1412 prebendam
1292 1330 1334 1394 de
1347 1330 1512 1414 Studelay

405 1435 439 1499 in
457 1435 537 1500 eccl.
557 1441 676 1499 nostra
694 1434 775 1498 Coll.
796 1434 890 1517 pred.
910 1455 984 1498 vac.
1005 1440 1039 1497 et
1058 1434 1103 1498 ad
1121 1440 1275 1499 nostram
1293 1435 1512 1499 collacionem

405 1538 506 1622 pleno
543 1539 614 1602 iure
642 1544 839 1622 spectantes
865 1538 994 1622 Mag'ro
1020 1538 1176 1621 Lescrop,
1203 1539 1347 1621 Juniori,
1373 1538 1510 1613 Clerico,

406 1643 613 1707 contulimus
653 1643 784 1707 intuitu
823 1642 988 1716 caritatis,
1031 1648 1065 1705 et
1106 1643 1217 1725 ipsum
1258 1643 1291 1706 in
1332 1663 1512 1726 personam

407 1747 525 1811 Rob’ti
551 1746 763 1811 Woluenden
789 1747 943 1810 canonici
968 1746 1106 1811 ecclesie
1130 1753 1245 1811 nostre
1270 1747 1368 1811 Cath.
1396 1748 1511 1822 Ebor.,

408 1851 637 1938 procuratoris
669 1851 721 1915 sui
753 1851 903 1935 legitime
935 1851 969 1914 in
1003 1848 1067 1915 hac
1099 1857 1197 1933 parte
1229 1851 1419 1925 constituti,
1454 1872 1514 1934 per

407 1956 524 2020 birreti
570 1955 679 2019 nostri
727 1955 951 2019 tradicionem
998 1955 1238 2019 inuestiuimus
1285 1956 1326 2020 de
1373 1955 1511 2029 eisdem,

407 2061 512 2125 Vobis
552 2060 758 2124 mandamus
798 2060 962 2144 quatinus
1002 2061 1091 2124 circa
1131 2061 1304 2143 prefatum
1345 2061 1513 2143 Mag'rum

408 2163 622 2248 Stephanum
646 2163 780 2227 faciatis
804 2162 946 2227 vlterius
970 2170 1005 2227 et
1028 2164 1245 2248 exequamini
1269 2165 1303 2228 in
1328 2165 1392 2228 hac
1415 2170 1513 2248 parte

407 2267 500 2352 quod
530 2274 581 2331 est
610 2273 774 2331 vestrum.
822 2268 903 2332 Dat.
935 2267 969 2330 in
999 2269 1151 2332 manerio
1180 2274 1298 2332 nostro
1326 2268 1369 2332 de
1398 2268 1513 2352 Tlrorp

408 2372 505 2437 iuxta
541 2372 643 2435 Ebor.
681 2371 758 2453 xvi0
794 2370 848 2434 die
883 2373 1008 2436 mensis
1044 2372 1259 2448 Nouembris,
1296 2373 1396 2436 Anno
1432 2374 1511 2438 D'ni

410 2476 586 2540 Millesimo
606 2487 724 2540 cccc¹¹¹0
743 2475 864 2559 primu,
885 2482 920 2539 et
939 2483 1055 2541 nostre
1075 2476 1312 2541 translacionis
1331 2484 1466 2561 quarto

496 2605 596 2670 Istud
615 2605 821 2670 mandatum
842 2605 908 2668 iuit
928 2611 1165 2689 presentatum
1186 2605 1344 2688 Capitulo
1364 2606 1439 2669 xixo
1458 2606 1512 2670 die

407 2711 531 2774 mensis
568 2709 753 2774 Nouembr.
792 2716 826 2773 et
863 2709 917 2773 die
954 2710 1110 2793 sequenti
1148 2711 1213 2774 luit
1248 2710 1416 2775 admissus
1452 2732 1513 2795 per

408 2820 673 2900 procuratorem,
720 2834 822 2899 super
865 2836 935 2898 qua
980 2814 1186 2879 admissione
1230 2816 1352 2880 habuit
1397 2816 1513 2881 literas

409 2920 556 3004 Capituli
575 2920 610 2983 in
629 2919 749 2984 forma.

409 3088 494 3171 (225)
535 3087 714 3151 Annrssro
752 3086 885 3150 Mnc’ru
924 3086 1082 3166 GaonorJ
1125 3104 1172 3149 Da
1210 3086 1424 3151 Monoecus
1461 3104 1511 3152 Ao

449 3192 680 3257 Pnrssanonu
706 3208 755 3255 Dr
778 3190 1021 3255 Gruauonrr.

492 3321 604 3405 Capit.
642 3320 721 3386 eccl.
760 3321 857 3385 Cath.
897 3321 1000 3384 Ebor.
1038 3318 1116 3382 sede
1153 3318 1440 3403 Archiepiscopali
1477 3326 1511 3384 et

406 3425 576 3490 decanatu
615 3423 766 3489 eiusdem
805 3424 1021 3499 vacantibus,
1062 3423 1194 3487 dilectis
1232 3423 1330 3487 nobis
1368 3424 1403 3488 in
1443 3445 1512 3508 xpo

407 3530 565 3614 Capitulo
581 3529 660 3594 eccl.
678 3529 759 3593 Coll.
779 3528 916 3612 Ripon’,
934 3528 1081 3593 salutem
1097 3528 1131 3591 in
1149 3528 1239 3592 D’no
1255 3528 1508 3612 sempiternam.

365 3637 367 3642 ’
407 3634 491 3699 Cum
530 3654 592 3698 nos
631 3633 816 3697 discretum
855 3633 967 3697 virum
1007 3633 1209 3716 Magistrum
1247 3631 1430 3720 Georgium
1469 3636 1511 3698 de

407 3738 584 3803 Mondellis
597 3738 631 3801 in
644 3737 775 3821 phisico
787 3737 963 3801 doctorem
976 3736 1021 3801 ad
1034 3737 1244 3820 prebendam
1256 3736 1298 3800 de
1311 3736 1511 3820 Gyuendale

407 3843 489 3907 alias
511 3842 641 3906 dictam
663 3842 804 3905 Skelton
826 3841 861 3905 in
883 3841 961 3905 eccl.
986 3841 1060 3905 coll,
1084 3840 1238 3924 predicta
1260 3848 1453 3918 vacantem,
1477 3850 1511 3907 et

406 3946 469 4010 sibi
503 3966 564 4029 per
597 3944 919 4009 excellentissimum
953 3945 987 4008 in
1022 3964 1092 4027 xpo
1125 3944 1313 4028 principem
1347 3952 1382 4009 et
1416 3947 1511 4011 d’nm

406 4055 562 4114 nostrum
581 4048 676 4112 d’nm
696 4048 884 4112 Henrieum
904 4049 968 4112 Dei
986 4069 1057 4132 gra.
1079 4048 1207 4132 Regem
1226 4048 1325 4133 Angl.
1346 4049 1512 4115 illustrem
1547 4066 1643 4126 Henry
1660 4064 1688 4110 u

407 4154 541 4218 racione
560 4154 801 4236 temporalium
822 4152 1146 4236 Archiepiscopatus
1170 4153 1272 4217 Ebor.
1298 4154 1455 4218 vacantis
1478 4162 1513 4219 et

406 4258 442 4323 in
472 4258 632 4322 manibus
663 4258 733 4321 suis
764 4258 953 4333 existentis
987 4256 1154 4320 donatam
1185 4263 1220 4320 et
1251 4278 1446 4322 concessam
1478 4259 1512 4322 in

407 4382 588 4447 personam
618 4362 721 4425 Will’i
751 4363 793 4426 de
823 4362 930 4426 Ledes
961 4360 1003 4425 de
1034 4360 1171 4443 Ripon',
1202 4363 1432 4445 procuratoris
1461 4366 1513 4428 sui

407 4466 631 4531 sufficientem
653 4466 688 4530 in
710 4466 774 4530 hac
795 4472 893 4549 parte
915 4470 1125 4550 potestatem
1147 4466 1316 4541 habentis,
1340 4487 1380 4543 ac
1401 4466 1514 4551 ipsum

407 4576 663 4653 procuratorem
699 4590 761 4634 suo
796 4570 933 4635 nomine
969 4568 1170 4633 admisimus
1205 4576 1239 4632 et
1274 4570 1514 4634 inuestiuimus

386 4757 389 4762 .
408 4674 542 4739 realiter
565 4674 607 4737 de
630 4674 758 4738 eisdem
781 4695 859 4739 cum
883 4675 953 4738 suis
976 4670 1106 4735 iuribus
1130 4679 1164 4736 et
1188 4674 1310 4756 pertin.
1335 4672 1512 4749 vniuersis‚

408 4778 506 4842 vobis
548 4777 753 4842 mandamus
794 4777 959 4861 quatinus
1001 4773 1090 4837 circa
1131 4776 1304 4859 prefatum
1345 4777 1515 4862 mag'rum
