3950 5625
453 705 515 771 166
735 707 814 771 Tna
839 708 995 772 Iucrrssr
1019 706 1265 772 Manuscurpr.

454 886 541 969 (247)
571 886 821 969 (Presentation
843 893 879 951 to
901 887 960 950 the
982 887 1145 971 Vicarage
1167 886 1204 950 of
1225 886 1284 949 the
1305 886 1467 969 Canonry
1489 885 1558 950 and

496 991 651 1055 Prebend
671 991 707 1055 ol
726 990 938 1073 Givendale).

540 1144 798 1208 Venerabilibus
822 1197 828 1208 .
855 1197 860 1208 .
888 1196 894 1208 .
919 1144 1022 1228 Hugo
1044 1143 1086 1207 de
1109 1143 1312 1219 Hanworth,
1336 1143 1418 1208 Can.
1444 1149 1479 1207 et
1503 1144 1556 1207 Pr.

346 1239 352 1251 ’
386 1239 392 1251 ’
452 1249 622 1333 prebende
638 1249 680 1312 de
695 1248 890 1313 Geuendale
908 1301 914 1313 .
934 1301 939 1312 .
958 1248 1002 1312 ad
1018 1247 1181 1311 vicariam
1198 1299 1205 1312 .
1221 1268 1308 1338 ⁸per
1322 1254 1471 1313 mortem
1487 1247 1558 1312 d’ni

451 1354 580 1417 Thome
602 1353 643 1416 de
666 1353 821 1416 Kendale
841 1351 1007 1436 capellani
1028 1351 1090 1416 vlt.
1113 1351 1177 1416 vic.
1201 1352 1352 1417 eiusdem
1373 1357 1558 1417 vacantem

453 1509 459 1521 .
494 1509 500 1521 .
534 1457 720 1521 Ricardum
751 1457 792 1520 de
825 1456 914 1520 Keld
945 1457 1026 1540 Cap.
1056 1457 1159 1521 Ebor.
1188 1456 1286 1530 dioc,
1315 1456 1391 1520 v'ro
1418 1456 1558 1540 collegio

451 1560 636 1625 reuerendo
665 1567 824 1644 presento
855 1611 900 1633 ...
932 1561 1013 1625 Dat.
1045 1560 1197 1624 Lincoln'
1227 1582 1318 1624 nono
1347 1561 1402 1624 die
1432 1560 1557 1625 mensis

451 1666 628 1730 Decembr.
655 1665 756 1730 Anno
783 1665 862 1729 D’ni
883 1665 1037 1729 Mill’imo
1060 1675 1174 1729 cccc'¹¹⁰
1198 1664 1462 1729 Terciodecimo.
1511 1664 1558 1727 :ls

450 1769 488 1832 in
505 1769 569 1834 No.
590 1787 662 1852 191.

650 1976 736 2059 (248)
767 1975 928 2059 (Chapter
951 1973 1073 2056 certify
1098 1979 1134 2037 to
1159 1973 1368 2056 Induction).

541 2142 725 2217 Vniuersis‚
746 2147 813 2216 etc,
834 2162 871 2204 as
889 2140 928 2204 in
947 2140 1011 2205 No,
1033 2159 1062 2206 2.
1117 2140 1241 2224 Ripon,
1264 2140 1303 2204 16
1323 2141 1418 2217 Dec,
1442 2159 1535 2225 1413.

451 2344 492 2421 64
506 2363 536 2406 ν.
568 2348 654 2430 (249)
693 2346 804 2409 Coum
838 2361 1065 2407 rusrnuanrr
1097 2344 1173 2407 u'm
1208 2343 1300 2407 ch'1
1334 2361 1381 2407 uu
1412 2344 1561 2409 Asuui-1

498 2469 632 2526 ornav,
666 2466 845 2527 Quononu
881 2465 1080 2512 CAPELLANI
1114 2448 1300 2512 Cnnrnnia
1334 2448 1404 2512 S’ci
1441 2450 1559 2532 Jon’is

497 2556 683 2619 Buprrsru.

261 2731 422 2779 1390-1400.
542 2711 581 2773 In
596 2710 659 2773 Dei
675 2708 822 2783 nomine,
837 2708 957 2772 Amen.
1002 2708 1107 2771 Nono
1121 2707 1344 2791 dieJanuarij
1362 2708 1466 2773 Anno
1480 2710 1556 2774 D’ni

287 2790 300 2853 J
305 2803 349 2839 ³¹¹·
364 2800 388 2847 9·
454 2816 570 2879 Mill'io
582 2825 677 2879 ccc¹¹¹⁰
689 2814 918 2898 Nonogesimo
928 2834 1030 2888 nono,
1043 2815 1116 2897 Ego
1128 2812 1244 2877 Ric’us
1255 2814 1296 2877 de
1307 2812 1558 2899 Asmonderby,

451 2920 657 3003 capellanus,
686 2939 766 2982 sane
794 2925 827 2982 et
855 2919 943 2981 bone
970 2918 1142 2992 memorie,
1171 2917 1282 2981 condo
1309 2924 1559 2985 testamentum

450 3045 565 3089 meum
589 3024 623 3087 in
647 3023 738 3087 hunc
761 3024 912 3086 modurn.
962 3023 1003 3086 In
1026 3022 1155 3105 primis
1180 3022 1383 3086 commendo
1407 3024 1559 3088 animam

450 3150 562 3193 meam
580 3130 653 3192 Deo
669 3126 920 3210 Omnipotenti,
939 3128 1040 3189 beate
1058 3126 1173 3201 Mane,
1191 3131 1226 3189 et
1243 3126 1402 3191 omnibus
1418 3129 1558 3205 sanctis

450 3254 640 3317 corpusque
673 3252 788 3296 meum
821 3231 866 3294 ad
898 3231 1080 3313 sepeliend.
1115 3230 1150 3293 in
1183 3230 1262 3294 eccl.
1297 3230 1486 3316 Collegiata
1517 3233 1559 3297 de

451 3338 599 3422 Rypon'.
649 3337 691 3400 It’
713 3337 787 3421 lego
807 3355 868 3419 pro
888 3334 1077 3399 mortuario
1097 3355 1184 3409 meo,
1202 3333 1211 3417 j
1231 3336 1366 3399 bouem.
1416 3336 1460 3399 It’
1485 3337 1559 3422 lego

450 3443 483 3506 in
515 3442 640 3526 vigilijs
670 3440 764 3514 meis
797 3439 881 3521 vijd.
930 3439 974 3502 It'
1007 3440 1081 3523 lego
1112 3439 1147 3502 in
1178 3459 1255 3502 cera
1286 3439 1439 3503 ardenda
1470 3441 1559 3506 circa

449 3567 571 3630 corpus
595 3566 720 3620 meum,
746 3544 779 3626 vj
807 3543 863 3608 lib.
913 3544 956 3607 It'
982 3543 1057 3628 lego
1081 3543 1208 3607 fabrice
1232 3543 1355 3618 eccl’ie,
1380 3544 1435 3628 vjs
1459 3546 1556 3630 viijd.

450 3652 493 3715 It'
524 3651 598 3735 lego
627 3648 747 3713 lumini
777 3669 818 3711 ex
848 3654 1044 3711 transverso
1074 3648 1178 3723 chori,
1209 3647 1292 3730 xijd.
1342 3648 1385 3711 It'
1416 3648 1492 3733 lego
1521 3649 1554 3734 vj

448 3754 596 3837 vicarijs,
619 3753 758 3818 cuilibet
781 3752 852 3836 vjd.
902 3752 945 3815 It'
969 3752 1043 3836 lego
1065 3752 1099 3835 vj
1124 3752 1324 3817 diaconibus
1346 3758 1381 3816 et
1402 3754 1556 3819 subdiac.

448 3859 587 3923 cuilibet
619 3857 703 3940 iiijd.
753 3857 796 3921 It'
831 3855 905 3941 lego
936 3856 970 3939 vj
1006 3857 1163 3920 choristis
1195 3864 1230 3921 et
1262 3856 1296 3940 vj
1332 3857 1556 3942 turibularijs,

447 3963 587 4028 cuilibet
609 3962 668 4045 ijd.
717 3961 761 4025 It’
785 3961 829 4025 do
852 3967 886 4024 et
908 3962 982 4045 lego
1005 3961 1145 4025 cuilibet
1166 3962 1343 4046 capellano
1365 3963 1557 4028 cantariam

448 4067 599 4141 habenti,
622 4066 694 4150 vjd.
744 4066 787 4129 It’
810 4066 884 4149 lego
906 4065 1045 4129 cuilibet
1067 4065 1243 4149 capellano
1265 4066 1354 4129 infra
1375 4066 1493 4131 villam
1514 4068 1557 4132 de

447 4171 583 4255 Rypon'
609 4170 805 4244 celebranti,
830 4168 927 4251 iiijd„
953 4176 987 4232 et
1012 4170 1185 4234 residuum
1210 4171 1363 4235 omnium
1387 4172 1556 4236 bonorum

445 4296 600 4340 meorum
631 4275 675 4338 do
707 4280 740 4337 et
772 4274 846 4357 lego
878 4273 1088 4337 ordinacioni
1119 4273 1230 4355 Joh'is
1261 4275 1303 4338 de
1336 4275 1553 4359 Kelynghall,

446 4378 623 4463 capellani,
651 4384 685 4440 et
713 4377 854 4441 Matilde
881 4376 922 4440 de
950 4377 1156 4459 Fenkoytes
1183 4399 1270 4460 quos
1296 4379 1471 4443 constituo
1497 4401 1554 4444 ex-

445 4488 599 4547 ecutores
619 4501 723 4555 meos,
744 4488 784 4544 vt
804 4480 868 4563 ipsi
889 4479 1047 4543 ordinent
1068 4500 1129 4563 pro
1150 4479 1265 4544 anima
1285 4503 1362 4546 mea
1382 4489 1484 4566 prout
1505 4484 1554 4547 eis

445 4587 565 4653 melius
587 4584 735 4649 viderint
757 4584 926 4668 expedire.
976 4583 1179 4665 (Probatum
1200 4590 1252 4646 est
1273 4605 1334 4667 per
1355 4587 1494 4671 Cap'¹¹).1

517 4808 524 4831 ¹
545 4803 578 4861 tn
592 4817 609 4851 a
621 4801 692 4850 later
705 4799 790 4848 hand.
