3950 5625
458 725 521 788 13²
745 704 822 769 Tne
847 702 1001 767 lxonsr
1024 699 1266 764 llawscnrer.

304 896 371 944 ΒΝ)
544 887 660 949 Sciam
678 895 852 968 presentes
867 882 961 966 quod
976 901 1039 964 ego
1056 879 1168 943 Dauid
1184 879 1226 942 de
1242 877 1389 943 Wollore
1405 880 1546 945 concessi

263 950 418 1067 [ᾗῇ
454 1005 488 1054 et
511 993 575 1053 hae
597 990 745 1073 presenti
770 1000 864 1050 carta
887 1007 963 1049 mea
983 985 1181 1048 confirmaui
1204 984 1355 1066 Johanni
1376 985 1420 1049 de
1441 986 1547 1070 Clynt,

268 1085 360 1197 pem
376 1089 410 1133 ‘l‘
454 1110 623 1178 perpetuo
638 1093 822 1176 [apellant-i
837 1091 995 1154 t'antarie
1011 1090 1127 1153 altaris
1141 1090 1233 1151 beati
1248 1089 1383 1153 Andree
1399 1091 1549 1174 Apostoli

273 1154 403 1279 erim}
455 1202 489 1263 in
506 1200 646 1261 eeclesia
664 1196 849 1279 [ollegiata
868 1195 1004 1277 Ripon',
1022 1205 1100 1256 octo
1115 1193 1297 1276 mesuagia
1314 1193 1385 1257 duo
1400 1195 1550 1278 gardim,

263 1298 355 1400 ‘2¹22
364 1288 420 1400 ἕξω
454 1319 534 1366 octo
553 1323 650 1366 aeras
668 1314 757 1364 terre
777 1316 809 1363 et
830 1300 1018 1365 dimidiam.
1038 1317 1142 1360 inam
1161 1317 1274 1359 acram
1293 1298 1384 1379 prati
1403 1304 1440 1361 et
1458 1299 1552 1362 dirui·

289 1418 389 1482 Rutu
453 1408 558 1475 diam.
581 1418 615 1469 et
638 1408 770 1488 triginti
792 1420 824 1467 et
847 1406 999 1488 quinque
1018 1402 1182 1464 solidatas
1200 1411 1235 1464 et
1256 1409 1335 1464 octo
1355 1402 1553 1467 denarratas

452 1512 609 1574 redditus
647 1530 726 1572 cum
770 1509 990 1591 pertinenciis
1024 1508 1059 1569 in
1104 1505 1226 1588 Ripon.
1270 1506 1361 1569 inde
1403 1508 1553 1592 quinque

452 1617 626 1698 mesuagia
645 1614 783 1677 insimul
802 1616 912 1676 iacent
931 1615 965 1675 in
984 1613 1015 1674 le
1033 1609 1259 1672 llerketstede
1276 1610 1366 1673 inter
1382 1612 1553 1696 mesuagia

451 1717 622 1802 Joliannis
640 1718 684 1780 de
705 1717 847 1780 Tanteld
866 1738 907 1779 ex
927 1726 1025 1799 parte
1043 1736 1112 1778 vna
1130 1723 1164 1777 et
1184 1734 1332 1799 mesuag.
1352 1715 1496 1780 Walteri
1514 1716 1553 1781 de

452 1822 560 1887 Ledes
582 1842 623 1886 ex
648 1836 746 1904 parte
769 1822 886 1884 altera.
936 1821 1024 1883 ltem
1046 1840 1154 1882 vnum
1176 1821 1387 1903 mesuagium
1410 1821 1499 1884 iacet
1520 1821 1552 1884 in

450 1926 701 2008 ,llhaloghgare
737 1928 834 1988 iuxta
873 1928 1084 2007 mesuagium
1121 1924 1238 1986 Rob'ti
1273 1924 1316 1987 de
1353 1924 1550 1990 Brunhows.

452 2024 540 2094 ltem
577 2050 686 2094 snum
722 2030 904 2111 gardinum
941 2031 1029 2092 iacet
1066 2028 1192 2091 ibidem
1229 2029 1326 2091 iuxta
1362 2030 1552 2112 predictum

449 2137 673 2217 mesuagium.
692 2148 725 2196 er
744 2136 908 2196 abbmtat
927 2154 1030 2216 super
1045 2132 1225 2216 gardinum
1244 2132 1354 2196 Isolde
1372 2134 1502 2209 llssner,
1520 2140 1552 2198 et

447 2238 518 2303 duo
556 2240 729 2321 mesuagia
769 2240 880 2301 iacent
920 2240 954 2300 in
994 2240 1169 2319 Annsgate
1207 2238 1304 2300 iuxta
1341 2240 1551 2323 mesuagium

450 2345 576 2407 fabrice
600 2342 739 2406 ‹mlesie
767 2341 890 2425 Ripou'
917 2352 950 2404 et
975 2362 1084 2404 inum
1109 2342 1289 2423 gardinum
1314 2343 1401 2406 iacet
1427 2343 1551 2408 ibidem

447 2448 571 2511 subtus
587 2465 723 2510 murum
744 2444 909 2508 t'imiten'i
930 2465 971 2507 ex
992 2454 1090 2528 parte
1109 2446 1249 2509 australi
1269 2446 1416 2511 ecclesie.
1465 2449 1551 2511 Item

446 2564 527 2614 octo
549 2571 627 2614 aere
651 2563 739 2613 tene
763 2562 796 2612 et
821 2549 963 2612 dimidia
987 2559 1022 2611 et
1046 2569 1114 2612 tna
1138 2570 1215 2612 acra
1239 2551 1329 2633 prati
1352 2558 1387 2614 et
1411 2551 1551 2616 dimidia

447 2656 558 2719 limem
586 2675 647 2738 per
673 2654 838 2737 paenulas
864 2655 897 2718 in
924 2653 948 2717 s
951 2674 1055 2736 ampo
1082 2653 1205 2735 Ripon'
1233 2656 1266 2717 in
1293 2653 1435 2719 diuersis
1461 2657 1548 2721 locis.

449 2756 536 2823 ltem
572 2759 695 2842 viginti
730 2758 895 2822 solidatas
930 2758 1085 2823 redditus
1118 2760 1274 2823 exeuntis
1308 2758 1350 2824 de
1386 2762 1484 2826 terris
1517 2767 1549 2825 et

447 2864 652 2927 tenementis
676 2881 745 2945 que
769 2862 946 2945 quondam
973 2863 1111 2927 luerunt
1139 2863 1223 2927 Ric'i
1250 2864 1280 2926 le
1306 2865 1493 2950 Sehephird
1517 2868 1548 2930 in

448 2962 560 3049 llipon
589 2968 622 3031 in
651 2966 682 3029 le
713 2966 887 3029 Homtaire
914 2976 949 3028 et
978 2968 1058 3030 alibi
1087 2968 1131 3031 ad
1160 2969 1323 3032 terminos
1351 2970 1489 3036 Martini
1516 2977 1547 3034 et

448 3067 666 3133 Pentmstes
709 3071 891 3134 annuatim
936 3090 996 3153 per
1039 3073 1176 3155 equales
1220 3073 1404 3154 porciones.
1461 3076 1546 3139 Item

444 3183 576 3257 septem
611 3173 777 3238 solidatas
811 3173 966 3238 redditus
1000 3177 1157 3239 exeuntis
1191 3178 1371 3241 annuatim
1406 3179 1449 3242 de
1483 3199 1548 3243 vno

444 3288 643 3341 tenemento
659 3277 781 3361 Rogeri
796 3277 930 3361 ll'riglit
944 3280 978 3343 in
994 3279 1152 3362 Skelgate
1166 3279 1210 3342 ad
1224 3280 1360 3343 eosdem
1375 3282 1545 3350 terminos

446 3379 534 3444 Item
560 3400 619 3443 sex
647 3381 813 3445 solidatas
840 3382 995 3446 redditus
1021 3384 1178 3447 exeuntis
1205 3386 1385 3449 annuatim
1411 3387 1455 3450 de
1481 3408 1548 3452 vno

443 3484 607 3568 ltuigaigio
644 3494 678 3548 et
715 3484 859 3549 dimidia
894 3507 973 3551 acm
1012 3488 1101 3570 piati
1140 3488 1277 3552 Henrici
1315 3490 1478 3555 Attekeld
1514 3492 1546 3555 in

445 3586 643 3670 Bertorgate
671 3597 705 3651 et
737 3588 937 3654 Randekerr
965 3592 1009 3654 ad
1039 3593 1202 3655 terminos
1230 3592 1411 3675 predictos.
1460 3595 1546 3659 Item

441 3689 511 3754 duo
537 3690 608 3770 (sic)
636 3691 802 3756 solidatas
825 3701 860 3756 et
884 3703 965 3758 octo
988 3696 1190 3760 denariatas
1214 3696 1368 3761 redditus
1392 3701 1547 3764 exeuntis

440 3792 483 3859 de
494 3813 564 3858 vno
576 3804 774 3861 tenemento
783 3799 974 3881 quondam1
986 3800 1130 3865 Galtridi
1142 3801 1269 3866 Glouer
1279 3804 1312 3866 in
1325 3803 1546 3889 Ploxomgate

440 3897 485 3962 ad
509 3897 646 3962 eosdem
672 3902 835 3965 terminos
860 3922 920 3986 per
942 3905 1081 3988 equales
1105 3906 1290 3988 porciones.
1337 3906 1486 3973 Tenend.
1512 3916 1545 3973 et

440 4000 587 4065 ltabend.
623 4004 738 4068 omnia
774 4007 927 4089 predicta
962 4011 1146 4094 mesuagia.
1181 4011 1334 4094 gardim,
1371 4020 1478 4077 terras
1511 4020 1544 4078 et

440 4112 551 4187 prata,
587 4104 741 4172 redditus
775 4129 854 4173 cum
887 4112 958 4175 suis
988 4115 1124 4194 pertin..
1148 4115 1303 4199 predicto
1326 4116 1477 4199 Johanni
1511 4127 1544 4182 et

438 4208 689 4272 suecessoribus
721 4212 792 4276 suis
825 4212 1017 4296 capellanis
1050 4216 1209 4283 Cantarie
1243 4221 1394 4303 predicte
1427 4222 1543 4286 diuina

437 4309 658 4374 celebraturis
698 4314 840 4398 singulis
880 4315 1006 4380 diebus
1042 4320 1086 4383 ad
1128 4323 1235 4386 altare
1276 4324 1468 4407 predictum
1509 4326 1542 4390 in

437 4414 756 4496 augmentacionem
773 4421 1039 4484 sustentacionis
1050 4443 1120 4498 sue,
1135 4425 1248 4500 libere,
1262 4428 1388 4510 quiete,
1402 4429 1541 4513 integre,

438 4515 533 4591 bene,
566 4523 600 4581 et
632 4518 666 4582 in
698 4539 782 4602 pace
811 4530 846 4585 et
877 4523 1130 4606 imperpetuum
1157 4528 1199 4591 de
1224 4532 1430 4614 capitalibus
1455 4531 1542 4597 d’nis

438 4617 614 4684 feodorum
646 4620 780 4686 illorum
812 4645 873 4707 per
901 4626 1043 4690 seruicia
1075 4628 1154 4692 inde
1185 4630 1301 4698 debita
1333 4642 1367 4700 et
1399 4635 1441 4700 de
1471 4638 1541 4702 iure

507 4775 517 4805 ⁴
536 4771 591 4821 MS.
607 4772 657 4822 has
672 4780 687 4795 ¹·
698 4739 850 4839 (ῃιιοῖᾷι-ιι,Η
